2714 4216
491 313 573 370 cnr.
589 314 685 380 61161.
721 314 858 382 §aaron
1137 316 1178 382 73

171 488 289 536 amans
303 467 356 535 sui
366 466 493 550 virtus3
510 469 649 553 optume
664 464 755 531 enim
765 484 801 531 se
810 464 885 551 ipsa
894 463 1001 549 novit,
1010 484 1179 553 quamquo

171 571 327 638 amabilis
352 570 407 655 sit,
427 568 606 656 intellegit.
658 567 734 655 Ego
756 572 870 633 autem
894 587 964 632 non
986 567 1029 633 de
1049 568 1178 634 virtute

172 694 263 740 nunc
280 674 409 761 loquor,
425 672 484 738 sed
501 671 544 736 de
561 670 699 736 virtutis
717 669 885 757 opinione.
930 668 1070 735 Virtute
1086 669 1178 735 enim

172 777 247 863 ipsa
262 795 331 841 non
348 779 421 840 tam
438 772 538 837 multi
555 772 701 859 praediti
719 791 790 837 esse
807 791 909 859 quam
925 770 1033 837 uideri
1046 771 1176 839 volunt.

97 889 100 894 '
148 878 248 944 oHos
258 876 404 943 delectat
419 874 619 957 adsentatio
630 873 684 940 his
694 874 795 939 fictus
808 874 852 940 ad
866 873 1017 961 ipsorum
1028 872 1179 940 volunta

173 984 245 1046 tem
266 999 377 1045 sermo
403 998 480 1066 cum
505 976 697 1060 adhibetur,
721 976 910 1042 orationem
935 976 1030 1042 illam
1054 997 1179 1042 vanam

172 1080 406 1148 testimonium
422 1100 494 1146 esse
511 1079 650 1145 laudum
670 1099 808 1144 suarum
824 1083 958 1166 putant.
1003 1078 1110 1144 Nulla
1127 1083 1180 1145 est

172 1184 280 1271 igitur
293 1183 379 1249 haec·
389 1181 548 1265 amicitia,
560 1201 638 1247 oum
652 1181 739 1247 alter
749 1201 868 1247 varum
882 1180 998 1247 audire
1012 1200 1083 1247 non
1093 1181 1177 1265 vult,

172 1287 260 1354 alter
280 1286 325 1352 ad
345 1285 579 1352 mentiendum
600 1288 737 1372 paratus
755 1287 816 1350 est.
861 1283 935 1350 Neo
953 1283 1179 1372 parasitorum

134 1407 164 1454 ro
172 1388 209 1453 in
231 1388 412 1456 comoediis
437 1387 628 1454 adsentatio
654 1386 767 1454 faceta
791 1386 889 1453 nobis
911 1386 1093 1471 videretur,
1113 1385 1180 1454 nisi

164 1497 283 1572 essent
300 1491 425 1557 militas
442 1489 590 1578 gloriosi.

374 1603 489 1673 Magnas
501 1619 567 1658 vero
578 1618 659 1671 agere
672 1602 773 1671 gratim
787 1603 873 1657 Thais
885 1604 975 1658 mihi?

174 1712 264 1779 Setis
278 1715 352 1777 erat
365 1710 584 1798 respondere:
604 1712 772 1796 “magnas
781 1710 810 1792 ;''
831 1712 850 1746 “
859 1709 1045 1797 ingentes‚’'
1057 1711 1178 1799 inquit.

174 1815 314 1902 Semper
327 1818 431 1900 auget
445 1813 643 1878 adsentator
656 1811 701 1894 id,
711 1812 802 1898 quod
815 1811 854 1894 is,
867 1812 960 1878 cuius
974 1814 1018 1879 ad
1028 1813 1180 1880 volunta
1197 1802 1201 1809 ⁵

134 1933 164 1979 rt
173 1923 245 1983 tem
259 1916 393 1998 dicitur,
402 1915 477 1981 uult
492 1935 562 1980 esse
575 1933 748 2000 magnum
790 1913 903 1992 Quam
915 1915 961 1980 ob
974 1936 1056 1998 rem,
1068 1936 1180 2002 quam-
1190 1927 1227 1981 99

173 2040 273 2107 quam
301 2017 427 2084 blanda
452 2017 519 2082 ista
544 2015 679 2083 vanitas
706 2016 798 2104 apud
824 2037 882 2082 eos
906 2017 1008 2101 valet,
1032 2018 1090 2105 qui
1115 2017 1181 2106 ipsi

174 2123 268 2188 illam
293 2121 465 2187 adlectant
491 2123 527 2185 et
552 2119 711 2203 invitant,
734 2124 851 2186 tamen
875 2120 981 2185 etiam
1008 2120 1181 2208 graviores

173 2223 483 2310 constantioresque
504 2221 708 2288 admonendi
729 2227 819 2306 sunt,
834 2226 874 2287 ut
895 2223 1179 2308 animadvertant,

174 2346 217 2392 ne
231 2326 355 2392 callida
370 2324 606 2391 adsentatione
621 2324 808 2412 capiantur.
853 2325 984 2412 Aperte
997 2325 1089 2392 enim
1103 2326 1181 2392 adu-

134 2449 166 2497 no
174 2430 302 2496 lentem
316 2450 416 2495 nemo
430 2449 500 2494 non
513 2428 617 2512 uidet,
629 2427 695 2493 nisi
708 2428 766 2515 qui
781 2429 965 2495 admodum
978 2433 1030 2495 est
1045 2450 1181 2512 excors3

173 2532 314 2598 callidus
331 2531 389 2596 1116
404 2536 438 2597 61
452 2530 604 2596 occultus
619 2550 661 2595 ne
675 2551 712 2595 se
725 2530 883 2614 insinuet,
899 2530 1048 2597 studiose
1065 2552 1182 2598 cauen-

173 2635 256 2700 dum
272 2638 343 2716 est3
368 2653 430 2699 nec
447 2633 539 2698 enim
557 2631 720 2698 facillime
737 2632 964 2720 adgnoscitur‚
980 2633 1105 2721 quippe
1122 2634 1181 2719 qui

174 2738 279 2803 etiam
293 2734 501 2801 adversando
514 2755 614 2822 saepe
628 2735 823 2799 adsentatur
837 2739 872 2800 et
886 2734 1022 2821 litigare
1032 2756 1069 2800 se
1082 2735 1181 2800 simu-

174 2839 249 2904 lans
258 2836 453 2903 blandiatur
463 2835 617 2922 atqueed
627 2839 817 2900 extremum
827 2835 886 2900 det
896 2855 1016 2901 manus
1026 2836 1182 2923 vincique

134 2963 165 3009 25
175 2961 211 3006 se
225 2938 386 3027 patiatur,
397 2941 437 3003 ut
451 2937 490 3020 is,
501 2936 560 3023 qui
578 2936 707 3002 inlusus
721 2935 776 3019 sit,
787 2935 864 3024 plus
877 2936 1001 3003 vidisse
1014 2937 1178 3005 videatur.

176 3042 267 3121 Quid
284 3044 399 3106 autem
419 3039 553 3126 turpius
569 3058 673 3125 quam
691 3037 820 3103 inludil
864 3038 964 3117 Quod
982 3044 1022 3105 ut
1039 3060 1082 3106 ne
1098 3040 1181 3106 acci-

174 3145 244 3229 dat,
259 3141 369 3230 magis
385 3141 571 3208 cavendum
588 3144 649 3206 est.

321 3258 360 3312 Ut
373 3273 417 3311 mc
429 3255 512 3310 hodic
525 3261 589 3310 ante
602 3271 696 3310 omncs
710 3254 829 3311 comicos
842 3255 940 3311 stultos
953 3272 1030 3312 senes

322 3339 446 3396 Versaris
458 3345 541 3408 atque
554 3338 694 3393 inlrisserls
706 3338 873 3393 lautissume.

135 3438 272 3508 soHacc
294 3437 385 3504 enim
407 3436 512 3502 etiam
534 3435 571 3500 in
593 3435 718 3502 fabulis
740 3435 941 3503 stultissima
962 3456 1107 3524 persona
1128 3440 1249 3503 estloo

176 3540 430 3629 inprovidorum
447 3544 481 3604 61
499 3537 712 3604 credulorum
728 3558 855 3604 senum.
901 3539 968 3605 Sed
983 3540 1096 3606 nescio
1113 3561 1180 3627 quo

176 3647 278 3733 pacto
300 3642 343 3709 ab
365 3641 522 3709 amicitiis
544 3641 772 3728 perfectorum
793 3640 979 3726 hominum,
1000 3642 1035 3707 id
1057 3646 1109 3708 cst
1131 3662 1181 3709 sa-

262 3748 284 3809 4
