2684 4186
169 318 210 381 66
236 325 238 329 ·
449 309 611 365 1111111
632 308 685 363 nn
705 307 892 365 lniorrm.

168 466 349 533 admodum
367 464 589 532 intolerabilis
606 461 730 528 iniuria
745 459 918 545 exarserit,
929 463 969 527 11
983 480 1093 550 neque
1106 481 1175 530 reo-

167 575 242 635 tum
253 590 361 657 neque
376 569 556 635 honestum
569 567 614 632 sit
625 586 687 632 nec
701 565 776 631 fieri
789 564 906 653 possit,
917 568 958 630 ut
972 585 1042 632 non
1056 566 1175 633 statim

122 672 327 738 italienatio
349 670 596 757 disiunctioque
617 667 777 734 faciunda
797 668 851 733 sit.
897 667 959 733 Sin
977 672 1093 734 autem
1114 673 1175 735 aut

168 792 302 836 morum
321 776 380 836 aut
402 769 591 835 studiorum
612 768 834 834 commutatio
852 768 1027 854 quaedam,
1041 773 1081 834 11
1099 769 1175 835 fieri
1228 776 1231 783 '

169 871 373 956 solatiante
390 871 455 937 1111
472 875 532 937 111
548 871 586 934 11
602 869 651 936 111
669 868 823 957 publicae
841 869 995 957 partibus
1011 871 1174 939 dissensio
1200 889 1215 934 o

168 975 393 1042 intercesserit
408 973 541 1061 (loquor
555 972 646 1039 enim
659 972 738 1055 iam,
749 976 789 1037 ut
804 971 906 1059 paulo
919 973 1093 1058 antedixi,
1104 993 1175 1041 non

169 1077 211 1144 de
230 1075 443 1165 sapientium,
461 1075 519 1141 sed
542 1074 584 1140 de
605 1073 838 1140 communibus
859 1074 1040 1164 amicitiis),
1058 1097 1175 1143 caven·

169 1180 251 1244 dum
266 1180 340 1262 erit,
352 1199 396 1244 ne
410 1198 479 1243 non
494 1176 603 1244 solum
620 1175 789 1242 amicitiae
803 1176 986 1264 depositae,
996 1178 1056 1245 sed
1069 1179 1175 1245 etiam

170 1281 366 1347 inimicitiae
388 1285 561 1366 susceptae
578 1278 767 1345 videantur.
811 1277 911 1344 Nihil
930 1285 981 1345 est
998 1279 1090 1347 enim
1105 1285 1175 1347 tur-

168 1384 244 1471 pius
259 1403 361 1470 quam
373 1402 452 1447 cum
466 1402 506 1447 eo
520 1380 647 1446 bellum
661 1400 786 1468 gerere,
799 1401 944 1467 quocum
961 1381 1176 1451 familiariter
1186 1398 1218 1446 10

168 1485 301 1551 vixeris.
346 1483 403 1549 Ab
422 1482 572 1549 amicitia
594 1482 635 1561 Q.
651 1481 794 1569 Pompei
814 1503 892 1549 meo
913 1484 1050 1552 nomine
1071 1506 1107 1552 so
1127 1506 1176 1553 re·

168 1590 331 1670 moverat,
340 1590 379 1650 ut
390 1585 492 1668 111111,
502 1583 632 1671 Scipi03
648 1590 789 1672 propter
799 1584 1040 1653 dissensionem
1049 1591 1174 1672 autem,

169 1709 256 1776 quae
273 1693 346 1755 erat
361 1688 449 1753 inre
466 1686 609 1775 publica,
625 1687 791 1753 alienatus
808 1692 860 1753 est
874 1708 896 1753 a
910 1688 1042 1777 collega
1057 1695 1176 1758 nostro

169 1792 328 1874 Metell03
350 1795 531 1878 utrumque
546 1791 618 1878 egit
631 1789 792 1878 graviter,
804 1791 1010 1858 auctoritate
1023 1797 1058 1858 11
1072 1792 1177 1860 offen·

123 1894 263 1960 vasione
277 1893 381 1959 animi
396 1913 465 1958 non
475 1892 603 1958 acerba.
642 1891 753 1970 Quam
764 1892 891 1958 obrem
904 1893 1054 1980 primurn
1063 1893 1177 1963 danda
1187 1913 1219 1959 ro

169 2018 272 2085 opera
295 2001 355 2080 est,
376 2017 509 2085 nequa
531 1995 717 2062 amicorum
740 1994 881 2061 discidia
903 1996 1009 2079 fiant3
1031 1997 1086 2064 sin
1106 1999 1178 2066 tale

170 2098 299 2187 aliquid
317 2099 476 2182 evenerit,
493 2102 533 2163 11
551 2097 738 2163 exstinctae
754 2097 868 2185 potius
887 2098 1056 2166 amicitiae
1072 2121 1178 2188 quam

170 2221 349 2288 oppressae
372 2200 560 2267 videantur.
609 2198 807 2265 Cavendum
831 2220 922 2283 vero,
942 2221 987 2269 ne
1011 2202 1115 2269 etiam
1139 2203 1178 2269 in

170 2323 290 2389 graves
307 2302 500 2368 inimicitias
517 2305 718 2367 convertant
735 2323 771 2368 se
788 2302 977 2388 amicitiae3
998 2305 1178 2393 exquibus

169 2405 289 2493 iurgia,
309 2403 498 2486 maledicta,
519 2404 742 2470 contumeliae
767 2405 965 2493 gignuntur.
1010 2407 1106 2486 Quae
1127 2412 1220 2474 taso

170 2506 293 2573 mensi
311 2505 501 2572 tolerabiles
524 2510 632 2589 erunt,
648 2506 808 2578 ferendae
830 2512 919 2592 sunt,
935 2514 970 2575 et
990 2507 1047 2575 hic
1067 2507 1178 2577 honos

169 2608 277 2675 veteri
287 2608 455 2675 amicitiae
465 2608 673 2694 tribuendus,
682 2614 722 2681 11
733 2609 761 2676 is
772 2610 809 2677 in
820 2610 919 2698 culpa
929 2611 983 2695 sit,
991 2611 1051 2700 qui
1060 2610 1177 2698 faciat,

170 2734 249 2796 non,
261 2713 318 2800 qui
332 2711 483 2800 patiatur
496 2711 663 2782 iniuriam.
1060 2777 1064 2783 .

215 2814 363 2882 Omnino
380 2814 533 2880 omnium
550 2813 673 2886 horum
688 2813 851 2885 vitiorum
873 2819 975 2904 atque
996 2816 1179 2885 incommo

172 2919 293 2985 dorum
306 2938 374 2983 una
388 2917 501 2984 cautio
519 2921 570 2983 est
588 2921 690 3005 atque
707 2937 775 2982 una
791 2918 949 3004 provisio,
961 2923 1001 2987 ut
1015 2940 1059 2988 ne
1075 2920 1178 2989 nimis
1186 2938 1220 2987 11

127 3021 241 3087 tacito
255 3019 397 3108 diligere
410 3019 574 3107 incipiant
589 3039 675 3087 neve
689 3040 758 3084 non
772 3019 902 3108 dignos.
940 3022 1049 3111 Digni
1062 3028 1180 3091 autem

172 3129 251 3190 sunt
276 3122 435 3204 amicitia,
455 3122 577 3209 quibus
602 3122 639 3192 in
663 3121 744 3208 ipsis
772 3122 860 3188 inest
889 3144 998 3208 causa,
1021 3146 1081 3205 cur
1104 3125 1180 3192 dili-

172 3230 307 3312 gantur.
352 3223 483 3289 Rerum
499 3243 615 3309 genus.
660 3222 706 3288 Et
721 3223 858 3310 quidem
875 3227 990 3293 omnia
1006 3227 1181 3315 praeclara

173 3347 258 3409 rara,
274 3345 336 3391 nec
353 3325 533 3412 quicquam
551 3323 720 3390 difficilius
737 3346 840 3414 quam
857 3328 1012 3416 reperire,
1024 3328 1117 3418 quod
1132 3330 1179 3397 sit

174 3429 267 3494 omni
282 3448 324 3492 11
337 3430 434 3514 parte
448 3427 485 3490 in
496 3446 557 3492 suo
570 3447 694 3513 genere
708 3428 907 3514 perfectum.
946 3431 1012 3499 Sed
1025 3432 1180 3521 plerique
1188 3453 1223 3503 su

175 3551 283 3618 neque
297 3530 333 3594 in
348 3529 446 3595 rebus
460 3529 616 3595 humanis
630 3530 810 3618 quicquam
824 3533 952 3599 bonum
966 3540 1102 3620 norunt,
1112 3535 1181 3603 nisi

175 3633 267 3723 quod
283 3632 493 3699 fructuosum
510 3632 564 3717 sit,
580 3636 614 3700 et
632 3633 757 3705 amion
773 3639 948 3725 tamquam
964 3638 1109 3727 pecudes
1122 3658 1182 3708 eos
