2684 4186
495 333 578 389 cnr.
593 334 633 398 10,
647 333 686 388 11.
722 334 840 403 §aasz
1129 340 1170 402 15

169 485 219 554 At
232 486 334 553 multi
347 486 398 553 ita
412 489 491 553 sunt
507 485 656 552 inbecilli
673 505 777 570 scaea,
792 491 831 552 ut
845 487 977 553 nullum
994 487 1097 554 officii
1110 491 1170 554 aut
1180 500 1217 552 35

167 589 307 655 omnino
324 589 415 655 vitae
433 609 556 654 munus
578 588 713 676 exsequi
730 588 869 676 possint.
913 594 964 656 At
981 590 1018 655 id
1034 591 1170 680 quidem

167 711 237 756 non
261 691 436 779 proprium
461 690 644 757 senectutis
668 691 792 756 vitium
819 695 879 775 est,
906 693 965 758 sed
992 713 1170 759 commune

166 793 379 860 valetudinis.
425 793 536 872 Quam
557 793 625 858 fuit
646 792 822 859 inbecillus
839 793 878 859 P.
894 794 1051 861 Africani
1068 796 1167 880 filius,

142 895 269 983 eisqui
285 900 321 962 te
338 895 523 983 adoptavit,
536 914 639 983 quam
655 895 750 960 tenui
768 898 827 962 aut
844 896 939 962 nulla
955 897 1068 984 potius
1082 898 1170 963 vale·

165 998 302 1065 tudine!
347 997 447 1077 Quod
463 997 500 1063 ni
517 997 568 1063 ita
585 997 714 1080 fuisset,
727 996 872 1063 alterum
887 997 971 1062 illud
986 997 1169 1063 exstitisset
1234 1040 1236 1045 -

165 1100 281 1167 lumen
305 1100 475 1183 civitatis3
503 1099 548 1166 ad
571 1104 751 1188 paternam
780 1099 870 1165 enim
898 1100 1170 1187 magnitudinem

165 1202 270 1268 animi
284 1202 438 1268 doctrina
451 1201 586 1267 uberior
600 1204 791 1267 accesserat.
829 1200 920 1279 Quid
930 1202 1055 1267 mirum
1065 1203 1172 1290 igitur

165 1304 202 1369 in
215 1304 359 1388 senibus,
375 1304 403 1370 si
420 1303 547 1369 infirmi
564 1303 633 1369 sint
650 1302 841 1391 aliquando,
857 1324 934 1368 cum
951 1304 1044 1370 idne
1061 1305 1171 1371 adule-

126 1423 157 1472 10
165 1412 294 1476 scentes
308 1407 444 1495 quidem
458 1407 608 1494 effugere
620 1405 771 1493 possint?
814 1405 1061 1489 Resistendum,
1078 1407 1172 1474 Laeli
1216 1433 1223 1437 ·

166 1515 202 1576 et
220 1510 341 1597 Scipio,
357 1510 522 1576 senectuti
544 1512 605 1592 est,
620 1509 757 1596 eiusque
776 1507 863 1574 vitia
884 1509 1063 1597 diligentia
1084 1530 1171 1576 com·

165 1613 339 1700 pensanda
349 1617 443 1695 sunt3
460 1610 683 1699 pugnandum
695 1616 871 1698 tamquam
884 1617 1004 1677 contra
1014 1613 1171 1678 morbum

167 1714 216 1780 sic
226 1716 345 1780 contra
359 1716 575 1796 senectutem,
587 1711 742 1778 habenda
755 1712 844 1777 ratio
855 1713 1066 1798 valetudinis,
1078 1722 1171 1781 uten·
1181 1731 1218 1782 36

168 1815 251 1881 dum
265 1814 562 1881 exercitationibus
577 1813 728 1896 modicis,
739 1817 878 1879 tantum
894 1814 960 1879 cibi
974 1821 1009 1881 et
1023 1817 1172 1903 potionis

128 1917 407 2000 rcadhibendum,
428 1921 468 1982 ut
492 1915 690 1982 reficiantur
707 1915 811 1997 ¹vires,
831 1936 901 1981 non
926 1917 1170 2004 opprimantur.

101 2035 105 2043 ’
140 2003 163 2088 i
168 2019 206 2088 N
206 2040 244 2087 ec
257 2040 339 2088 voro
353 2018 486 2106 corpori
503 2018 614 2084 solum
630 2017 896 2084 subveniendum
913 2024 973 2101 est,
988 2019 1046 2084 sed
1065 2021 1171 2085 menti

169 2123 273 2202 atquo
298 2117 414 2180 animo
438 2115 548 2181 multo
572 2117 703 2209 magis;
732 2136 815 2182 nam
838 2116 923 2181 haec
948 2135 1091 2204 quoque,
1111 2117 1176 2184 nisi

168 2221 346 2305 tamquam
362 2215 483 2282 lumini
496 2219 609 2285 oleum
626 2219 776 2303 instillas,
789 2217 1051 2306 exstinguuntur
1067 2240 1177 2286 senec

169 2326 253 2390 tute.
298 2321 345 2388 Et
368 2341 511 2409 corpora
534 2320 671 2408 quidem
699 2320 981 2387 exercitationum
1009 2320 1174 2410 defatiga

130 2440 162 2489 ao
169 2425 264 2493 tione
282 2425 530 2513 ingravescunt,
545 2423 651 2490 animi
668 2428 784 2489 autem
802 2423 989 2490 exercendo
1005 2423 1171 2490 levantur.

169 2526 206 2593 N
206 2548 263 2594 am
279 2547 363 2616 quos
380 2527 430 2592 ait
446 2525 610 2592 Caecilius
633 2525 806 2591 “comicos
827 2525 949 2591 stultos
970 2526 1095 2609 senes,’'
1110 2524 1173 2593 hos

169 2629 339 2718 significat
367 2627 530 2711 credulos,
552 2626 743 2709 obliviosos,
765 2626 955 2709 dissolutos,
977 2647 1064 2714 quae
1088 2628 1173 2694 vitia

169 2736 249 2797 srmt
262 2751 333 2796 non
347 2729 538 2812 senectutis,
549 2728 607 2793 sed
622 2728 750 2810 inertia,
765 2728 918 2814 ignavae,
930 2729 1173 2795 somniculosae

170 2833 360 2899 senectutis.
405 2831 454 2896 Ut
471 2829 669 2917 petulantia,
684 2834 724 2894 ut
741 2829 847 2894 libido
866 2829 977 2915 magis
994 2835 1046 2895 est
1063 2830 1173 2896 adulo

129 2955 161 3002 aa
170 2935 336 3001 scentium
349 2953 452 3021 quam
468 2952 595 3014 senum,
607 2951 669 2996 nec
682 2936 800 3026 tamen
816 2931 969 2995 omnium
985 2931 1173 2998 adulescen-

168 3037 266 3119 tium,
278 3037 336 3102 sed
351 3055 421 3120 non
434 3036 627 3122 proborum,
642 3033 690 3099 sic
707 3033 774 3098 ista
789 3033 903 3099 senilis
920 3033 1074 3117 stultitia,
1087 3056 1173 3123 quae

167 3139 325 3206 deliratio
333 3137 495 3225 appellari
504 3137 598 3220 solet,
607 3156 725 3202 senum
733 3135 860 3202 levium
866 3140 926 3220 est,
932 3157 1002 3202 non
1010 3138 1171 3204 omnium.

169 3243 341 3322 Quattuor
351 3241 506 3307 robustos
516 3239 614 3323 filios,
621 3239 769 3327 quinque
776 3239 874 3322 filias,
883 3241 1171 3326 tantamdomum,
1182 3255 1220 3316 37

168 3348 283 3412 tantas
302 3343 475 3411 clientelas
493 3342 628 3431 Appius
645 3342 787 3430 regebat
807 3347 842 3409 et
861 3362 978 3408 caecus
997 3348 1032 3408 et
1051 3365 1172 3428 senex;

129 3446 339 3514 seintentum
353 3446 444 3513 enim
458 3445 610 3512 animum
622 3449 799 3533 tamquam
815 3465 932 3510 arcum
949 3443 1096 3512 habebat
1110 3466 1173 3513 neo

169 3547 386 3637 languescens
395 3545 634 3615 succumbebat
644 3546 828 3630 senectuti3
842 3547 980 3614 tenebat
990 3568 1060 3613 non
1070 3550 1173 3616 modo

170 3651 417 3735 auctoritatem,
432 3648 610 3724 sedetiam
626 3648 806 3742 imperium
821 3649 859 3718 in
874 3666 963 3730 suos,
976 3650 1174 3718 metuebant
