2714 4216
243 321 287 384 24
454 314 554 369 CATO
575 314 702 370 MAIOR
722 314 775 369 DE
798 315 1028 370 sannorum

242 453 410 554 repudiati
429 471 527 551 sunt3
549 467 731 534 nonenim
752 488 873 533 aurum
892 467 1017 534 habere
1038 468 1255 556 praeclarum

242 569 306 635 sibi
327 569 435 635 videri
456 570 554 654 dixit,
573 571 633 638 sed
654 571 711 655 eis,
731 571 789 659 qui
810 570 975 637 haberent
997 591 1126 655 aurum,
1146 572 1255 661 impe

195 687 326 740 serare.
363 671 550 739 Poteratne
563 679 681 740 tantus
695 675 827 740 animus
838 674 969 740 efficere
982 695 1053 740 non
1065 675 1254 743 iucundam

243 777 471 842 senectuteml
515 777 582 842 Sed
603 777 702 842 venio
725 777 770 843 ad
792 776 967 865 agricolas,
987 798 1031 843 ne
1053 799 1075 844 a
1095 799 1151 844 me
1173 779 1254 866 ipso

242 878 408 944 recedam.
451 877 495 944 In
508 878 599 966 agris
617 883 716 944 erant
732 883 808 944 tum
825 885 1006 964 senatores,
1021 880 1057 944 id
1074 884 1125 946 est
1141 902 1281 967 senes,s

244 982 410 1070 siquidem
424 982 535 1049 aranti
549 981 585 1047 L.
596 981 757 1060 Quinctio
772 983 975 1050 Cincinnato
989 984 1184 1050 nuntiatum
1199 990 1256 1052 est

244 1106 322 1151 eum
344 1085 545 1151 dictatorem
569 1105 641 1150 esse
665 1084 814 1168 factum3
839 1086 934 1152 cuius
957 1086 1132 1153 dictatoris
1155 1087 1256 1154 iussu

243 1188 406 1276 magister
434 1187 586 1274 equitum
615 1187 652 1253 0.
677 1188 837 1254 Servilius
862 1188 977 1254 Ahala
1006 1190 1062 1277 Sp.
1086 1189 1256 1256 Maelium
1322 1249 1324 1252 .

243 1310 388 1377 regnum
401 1289 619 1376 adpetentem
633 1294 834 1376 occupatum
848 1289 1029 1356 interemit.
1067 1292 1103 1355 A
1116 1292 1201 1358 villa
1214 1293 1257 1359 in

244 1397 399 1460 senatum
413 1392 641 1458 arcessebatur
655 1395 690 1456 et
701 1391 822 1457 Curius
833 1396 868 1456 et
882 1392 985 1457 ceteri
1000 1413 1103 1476 senes,
1116 1415 1159 1460 ex
1171 1415 1255 1482 quo,
1268 1415 1300 1461 ιο

243 1495 301 1581 qui
326 1514 382 1560 eos
407 1494 628 1575 arcessebant,
651 1493 797 1559 viatores
825 1494 992 1559 nominati
1018 1499 1105 1560 sunt.
1153 1495 1258 1564 Num

242 1596 348 1684 igitur
375 1595 499 1661 horum
526 1600 679 1661 senectus
707 1595 906 1661 miserabilis
930 1595 1006 1679 fuit,
1029 1596 1088 1683 qui
1113 1617 1149 1662 se
1174 1601 1257 1686 agri

242 1698 390 1764 cultione
414 1698 652 1764 oblectabantl
698 1697 778 1764 Mea
802 1698 939 1786 quidem
964 1698 1132 1764 sententia
1156 1698 1256 1767 haud

243 1800 312 1868 scio
329 1821 374 1866 an
390 1800 485 1865 nulla
501 1801 634 1866 beatior
650 1801 758 1888 possit
775 1822 855 1884 esse,
871 1822 980 1889 neque
999 1800 1109 1866 solum
1126 1801 1254 1888 offici0,

243 1903 336 1993 quod
353 1903 529 1970 hominum
550 1904 667 1991 generi
688 1904 845 1970 universo
867 1905 1000 1970 cultura
1021 1924 1181 1990 agrorum
1198 1912 1255 1973 est
1267 1927 1299 1974 rs

242 2006 408 2093 salutaris,
421 2005 480 2074 sed
494 2009 528 2071 et
543 2006 777 2089 delectatione,
790 2007 830 2072 de
844 2027 912 2094 qua
925 2007 1007 2089 dixi,
1020 2011 1055 2072 et
1070 2007 1267 2075 saturitate.

243 2111 406 2197 copiaque
427 2127 540 2174 rerum
562 2108 723 2191 omniurn,
742 2128 828 2195 quae
850 2109 894 2173 ad
910 2108 1040 2174 victum
1061 2107 1253 2195 hominum,

242 2211 287 2277 ad
303 2211 434 2276 cultum
451 2210 554 2276 etiam
571 2210 712 2275 deorum
728 2210 911 2296 pertinent,
927 2214 976 2293 ut,
989 2210 1148 2298 quoniam
1165 2210 1255 2280 haec

243 2312 381 2401 quidam
398 2312 598 2394 desiderant,
613 2311 651 2376 in
668 2312 816 2399 gratiam
830 2312 900 2376 iam
916 2333 994 2377 cum
1008 2313 1185 2399 voluptate
1201 2335 1254 2380 re

242 2415 390 2481 deamus.
429 2416 569 2504 Semper
578 2415 670 2480 enim
680 2414 761 2479 boni
775 2414 965 2502 assiduique
979 2416 1108 2481 domini
1122 2413 1256 2485 referta
1263 2438 1298 2484 20

243 2518 328 2584 cella
344 2518 484 2602 vinaria,
500 2517 635 2600 olearia,
651 2516 756 2582 etiam
776 2516 916 2604 penaria
933 2523 994 2601 est,
1009 2515 1157 2606 villaque
1174 2522 1254 2587 tota

241 2620 391 2708 locuples
405 2625 466 2704 est,
478 2621 628 2686 abundat
642 2640 754 2707 porco,
764 2617 883 2702 haed0,
893 2640 992 2708 agne,
1004 2620 1140 2708 gallina,
1150 2621 1251 2707 lacte,

242 2743 347 2808 caseo,
367 2723 478 2789 melle.
525 2722 601 2788 lam
622 2721 761 2787 hortum
784 2721 849 2809 ipsi
875 2722 1045 2810 agricolae
1067 2723 1253 2790 succidiam

242 2826 385 2893 alteram
405 2824 587 2912 appellant.
632 2821 832 2890 Conditiora
852 2823 938 2892 facit
954 2824 1039 2890 haec
1055 2845 1252 2912 supervaca

194 2937 233 2998 57
243 2928 315 2994 neis
332 2927 435 2994 etiam
456 2927 567 3028 operis
588 2927 769 3014 aucupium
785 2931 888 3014 atque
905 2925 1052 2993 venetic.
1098 2928 1188 3006 Quid
1205 2928 1295 2998 deas

242 3035 418 3117 pratorum
431 3028 605 3095 viriditate
619 3034 679 3095 aut
698 3029 857 3096 arborum
874 3030 1049 3095 ordinibus
1064 3033 1124 3095 aut
1138 3030 1252 3098 vinea

241 3152 319 3196 rum
340 3132 584 3198 olivetorumve
606 3131 715 3218 specie
735 3132 835 3218 plura
856 3131 988 3197 dicaml
1013 3130 1107 3199 brevi
1124 3134 1252 3217 praeci-

242 3232 339 3298 dam:
362 3232 459 3320 Agro
477 3232 563 3298 bene
581 3233 673 3297 culto
690 3233 777 3297 nihil
794 3236 907 3321 potest
925 3253 996 3297 esse
1012 3252 1075 3296 nec
1090 3250 1152 3296 usu
1170 3235 1252 3302 ube-

241 3336 311 3401 rius
339 3356 402 3402 nec
430 3334 540 3422 specie
570 3335 742 3417 ornatius3
771 3335 815 3400 ad
841 3354 943 3422 quern
971 3333 1153 3399 fruendum
1177 3357 1251 3405 non

241 3437 343 3504 modo
354 3457 424 3503 non
437 3436 597 3520 retardat,
604 3456 724 3502 verum
734 3436 837 3502 etiam
847 3436 972 3502 invitat
983 3440 1084 3524 atque
1098 3437 1248 3508 adlectat
1259 3461 1295 3511 so

243 3544 404 3606 senectus.
448 3539 519 3606 Ubi
544 3539 634 3606 enim
658 3542 771 3626 potest
796 3538 856 3605 illa
880 3544 973 3604 aetas
999 3544 1058 3605 aut
1084 3539 1249 3610 calescere

243 3642 298 3709 vel
320 3641 527 3731 apricatione
550 3641 670 3718 melius
692 3642 747 3708 vel
772 3641 844 3720 inni
868 3645 926 3707 aut
949 3642 1096 3709 vicissim
1118 3645 1249 3713 umbris
