2684 4186
521 325 604 380 car.
621 325 645 390 1,
661 325 686 380 a.
720 325 809 393 sse.
1128 331 1171 396 39

166 476 207 556 Q.
219 474 353 542 Mucius
366 475 411 543 ad
424 495 578 544 socerum
591 475 733 542 veniunt
747 481 982 563 postmortem
996 477 1170 563 Africani3

165 579 209 645 ab
222 578 277 644 his
290 598 400 645 sermo
417 579 535 662 oritur,
550 578 732 666 respondet
747 578 890 662 Laelius,
905 580 999 645 cuius
1016 585 1091 646 tota
1108 581 1171 646 dis·

164 681 299 769 putatio
313 685 365 746 est
376 680 418 746 de
432 681 590 764 amicitia,
599 700 702 767 quam
714 679 831 768 legens
844 685 881 746 te
894 681 967 768 ipse
980 702 1168 769 cognosces,

209 782 370 848 anrms.
394 783 481 848 Sunt
495 783 570 866 ista,
583 781 695 865 Laeli3
716 802 779 848 nec
796 782 888 847 enim
903 783 1024 849 melior
1036 784 1090 850 vir
1103 744 1201 886 fuit}

142 885 332 952 sAiricano
346 884 523 973 quisquam
536 905 599 950 nec
612 885 742 950 clarior.
783 885 850 951 Sed
864 885 1056 952 existimare
1070 886 1171 952 debes

165 987 318 1054 omnium
342 987 457 1053 oculos
478 987 516 1052 in
535 991 572 1053 te
593 1007 665 1052 esse
689 987 858 1053 coniectos
880 1007 1006 1070 unum3
1031 991 1067 1052 te
1088 987 1172 1075 sapi-

166 1093 281 1155 entem
300 1094 335 1155 et
357 1089 530 1177 appellant
551 1093 587 1155 et
610 1089 815 1155 existimant.
860 1088 1085 1155 Tribuebatur
1106 1089 1171 1156 hoc

164 1191 267 1258 modo
277 1190 325 1257 M.
332 1191 465 1275 (latoni,
475 1191 597 1258 scimus
607 1191 644 1257 L.
653 1190 804 1257 Acilium
813 1191 904 1280 apud
914 1196 1028 1280 patres
1038 1195 1171 1258 nostros

165 1294 374 1382 appellatum
395 1314 467 1360 esse
487 1294 685 1382 sapientem,
700 1293 760 1361 sed
776 1299 917 1382 uterque
938 1295 1007 1361 alio
1024 1294 1171 1381 quodam

127 1417 158 1465 10
165 1397 276 1481 modo,
288 1397 429 1481 Acilius,
440 1397 520 1484 quia
535 1396 682 1485 prudens
699 1417 770 1464 esse
786 1397 824 1463 in
837 1398 910 1464 iure
924 1397 1016 1465 civili
1031 1397 1172 1485 putaba

165 1503 231 1584 tur,
241 1500 339 1583 (lato,
351 1499 431 1587 quia
443 1500 629 1566 multarum
642 1519 755 1566 rerum
768 1520 868 1565 usum
880 1499 1045 1584 habebat3
1062 1501 1172 1567 multa
1213 1548 1216 1552 »

167 1605 238 1670 eius
260 1609 296 1671 et
318 1605 356 1670 in
381 1609 502 1671 senatu
526 1604 622 1670 etin
648 1604 725 1671 foro
747 1605 802 1672 vel
826 1606 963 1693 provisa
987 1606 1171 1693 prudenter

167 1709 224 1775 vel
249 1712 325 1774 acta
350 1713 545 1775 constanter
566 1708 623 1775 rel
647 1729 809 1795 responsa
833 1715 932 1776 acute
956 1711 1171 1794 ferebantur3

168 1814 349 1898 propterea
365 1809 461 1897 quasi
478 1830 667 1897 cognomen
687 1811 757 1875 iam
774 1810 921 1877 habebat
942 1812 979 1876 in
1000 1817 1172 1880 senectute

131 1912 339 2000 losapientis.
383 1911 433 1978 Te
454 1915 570 1978 autem
591 1911 659 1977 alio
680 1911 828 2000 quodam
849 1913 951 1979 modo
972 1934 1042 1979 non
1062 1915 1221 1989 solumlt)

169 2018 293 2080 natura
314 2018 350 2080 et
371 2013 530 2097 moribus,
551 2033 671 2080 rerum
696 2013 802 2080 etiam
823 2015 937 2080 studio
960 2019 995 2080 et
1018 2014 1174 2083 doctrina

169 2137 241 2183 esse
255 2117 451 2204 sapientem,
463 2136 526 2182 nec
542 2115 628 2182 sicut
642 2115 774 2204 vulgus,
790 2116 850 2184 sed
866 2121 906 2182 ut
923 2117 1046 2183 eruditi
1063 2118 1173 2185 solent

167 2219 339 2307 appellare
353 2220 550 2308 sapientem,
562 2219 698 2307 qualem
713 2219 750 2283 in
766 2219 896 2307 reliqua
911 2219 1054 2288 Graecia
1070 2222 1174 2287 nemi·

168 2341 248 2388 nem
258 2321 417 2409 (namqui
427 2326 557 2409 septem
567 2322 790 2409 appellantur,
799 2343 864 2407 cos,
873 2322 931 2410 qui
941 2323 1009 2390 ista
1018 2324 1201 2395 subtiliusr

129 2448 162 2496 20
170 2429 344 2513 quaerunt,
356 2424 394 2491 in
407 2445 548 2491 numero
563 2425 768 2513 sapientium
780 2446 851 2492 non
864 2426 1015 2514 habent),
1027 2427 1175 2493 Athenis

169 2547 277 2593 unum
293 2528 491 2615 accepimus,
503 2532 538 2593 et
553 2548 631 2594 eum
645 2528 782 2615 quidem
799 2529 904 2594 etiam
918 2529 1090 2617 Apollinis
1104 2550 1176 2596 ora

170 2629 247 2696 culo
264 2630 549 2717 sapientissimum
565 2629 771 2713 iudicatum3
792 2629 881 2696 hanc
897 2651 969 2697 esse
985 2631 1023 2695 in
1039 2635 1074 2697 te
1091 2632 1176 2719 sapi-

171 2732 300 2799 entiam
310 2733 525 2816 existumant,
535 2735 574 2797 ut
585 2731 700 2798 omnia
709 2735 770 2797 tua
779 2732 816 2795 in
826 2735 862 2797 te
872 2732 983 2818 posita
994 2752 1064 2798 esse
1075 2733 1176 2799 ducas

172 2833 403 2920 humanosque
417 2853 512 2899 casus
522 2833 650 2899 virtute
664 2831 841 2897 inferiores
855 2836 962 2918 putes.
999 2831 1121 2921 Itaque
1134 2855 1178 2900 ex

133 2953 229 3000 come
253 2938 427 3021 quaerunt,
451 2933 550 2999 credo
575 2953 618 2998 ex
641 2932 707 2998 hoc
730 2932 816 2997 item
841 2933 1010 3017 Scaevola,
1030 2954 1178 3022 quonam

174 3040 275 3124 pacto
285 3025 431 3102 mortem
440 3034 598 3101 Africani
612 3034 711 3117 feras,
720 3054 827 3122 ecque
839 3034 958 3123 magis,
968 3034 1059 3123 quod
1069 3037 1179 3124 proxi-

174 3138 239 3204 mis
247 3137 357 3205 Nonis
365 3136 612 3204 cuminhortos
621 3136 664 3203 D.
671 3135 771 3202 Bruti
779 3138 917 3226 auguris
927 3140 1178 3205 commentandi

174 3260 283 3324 causa,
294 3244 334 3306 ut
352 3240 491 3323 adsolet,
504 3241 719 3323 venissemus,
730 3242 772 3305 tu
785 3260 855 3306 non
872 3239 1021 3325 adfuisti,
1034 3241 1092 3329 qui
1107 3241 1180 3307 dili-

174 3342 371 3431 gentissime
389 3363 521 3431 semper
539 3342 637 3410 illum
653 3342 745 3409 diem
763 3346 799 3409 ct
817 3342 903 3409 illud
919 3363 1042 3410 munus
1061 3343 1180 3411 solitus

135 3465 167 3512 ao
176 3465 263 3511 esses
277 3445 379 3512 obire.

219 3547 404 3614 Soanvom.
428 3547 605 3626 Quaenmt
621 3547 769 3636 quidem,
784 3545 822 3614 0.
835 3546 937 3630 Laeli,
952 3546 1063 3631 multi,
1073 3551 1114 3614 ut
1128 3552 1208 3616 este

176 3669 199 3716 a
212 3648 343 3716 Fannio
356 3649 495 3733 dictum,
507 3649 567 3716 sed
580 3668 645 3736 ego
661 3649 698 3717 id
713 3648 910 3737 respondeo,
921 3649 1013 3736 quod
1029 3649 1181 3718 animum
