<?xml version="1.0" encoding="UTF-8"?>
<!DOCTYPE html PUBLIC "-//W3C//DTD XHTML 1.0 Transitional//EN"
    "http://www.w3.org/TR/xhtml1/DTD/xhtml1-transitional.dtd">
<html xmlns="http://www.w3.org/1999/xhtml" xml:lang="en" lang="en">
 <head>
  <title>
</title>
<meta http-equiv="Content-Type" content="text/html;charset=utf-8" />
  <meta name='ocr-system' content='tesseract 3.04.00' />
  <meta name='ocr-capabilities' content='ocr_page ocr_carea ocr_par ocr_line ocrx_word'/>
</head>
<body>
  <div class='ocr_page' id='page_1' title='image "./catomajoretlail00cicegoog_0035.png"; bbox 0 0 2714 4216; ppageno 0'>
   <div class='ocr_carea' id='block_1_1' title="bbox 175 356 961 424">
    <p class='ocr_par' dir='ltr' id='par_1_1' title="bbox 175 356 961 424">
     <span class='ocr_line' id='line_1_1' title="bbox 175 356 961 424; baseline -0.001 -13"><span class='ocrx_word' id='word_1_1' title='bbox 175 361 216 424; x_wconf 90' lang='lat'>10</span> <span class='ocrx_word' id='word_1_2' title='bbox 385 357 485 411; x_wconf 81' lang='lat' dir='ltr'><strong>CATO</strong></span> <span class='ocrx_word' id='word_1_3' title='bbox 508 357 634 411; x_wconf 84' lang='lat' dir='ltr'><strong>MAIOR</strong></span> <span class='ocrx_word' id='word_1_4' title='bbox 654 358 707 411; x_wconf 79' lang='grc' dir='ltr'>ΒΕ</span> <span class='ocrx_word' id='word_1_5' title='bbox 731 356 961 412; x_wconf 68' lang='lat' dir='ltr'>sarnensis.</span> 
     </span>
    </p>
   </div>
   <div class='ocr_carea' id='block_1_2' title="bbox 128 506 1226 2338">
    <p class='ocr_par' dir='ltr' id='par_1_2' title="bbox 128 506 1226 2338">
     <span class='ocr_line' id='line_1_2' title="bbox 173 506 1180 597; baseline -0.002 -22"><span class='ocrx_word' id='word_1_6' title='bbox 173 508 315 575; x_wconf 82' lang='lat' dir='ltr'>Manent</span> <span class='ocrx_word' id='word_1_7' title='bbox 333 507 471 596; x_wconf 88' lang='lat' dir='ltr'>ingenia</span> <span class='ocrx_word' id='word_1_8' title='bbox 488 509 632 594; x_wconf 88' lang='lat' dir='ltr'>sonibus,</span> <span class='ocrx_word' id='word_1_9' title='bbox 646 509 749 577; x_wconf 91' lang='lat' dir='ltr'>modo</span> <span class='ocrx_word' id='word_1_10' title='bbox 764 512 960 597; x_wconf 89' lang='lat' dir='ltr'>permaneat</span> <span class='ocrx_word' id='word_1_11' title='bbox 977 506 1127 575; x_wconf 89' lang='lat' dir='ltr'>studium</span> <span class='ocrx_word' id='word_1_12' title='bbox 1143 511 1180 574; x_wconf 90' lang='lat' dir='ltr'>et</span> 
     </span>
     <span class='ocr_line' id='line_1_3' title="bbox 173 610 1178 700; baseline -0.001 -23"><span class='ocrx_word' id='word_1_13' title='bbox 173 611 348 695; x_wconf 89' lang='lat' dir='ltr'>industria,</span> <span class='ocrx_word' id='word_1_14' title='bbox 364 631 473 700; x_wconf 89' lang='lat' dir='ltr'>neque</span> <span class='ocrx_word' id='word_1_15' title='bbox 490 633 531 678; x_wconf 89' lang='lat' dir='ltr'>ea</span> <span class='ocrx_word' id='word_1_16' title='bbox 547 614 657 679; x_wconf 91' lang='lat' dir='ltr'>solum</span> <span class='ocrx_word' id='word_1_17' title='bbox 673 613 711 677; x_wconf 91' lang='lat' dir='ltr'>in</span> <span class='ocrx_word' id='word_1_18' title='bbox 728 612 825 678; x_wconf 90' lang='lat' dir='ltr'>claris</span> <span class='ocrx_word' id='word_1_19' title='bbox 843 616 877 677; x_wconf 90' lang='lat' dir='ltr'>et</span> <span class='ocrx_word' id='word_1_20' title='bbox 894 610 1069 677; x_wconf 90' lang='lat' dir='ltr'>honoratis</span> <span class='ocrx_word' id='word_1_21' title='bbox 1085 610 1178 694; x_wconf 84' lang='lat' dir='ltr'>viris,</span> 
     </span>
     <span class='ocr_line' id='line_1_4' title="bbox 174 712 1181 802; baseline -0.002 -22"><span class='ocrx_word' id='word_1_22' title='bbox 174 713 233 780; x_wconf 89' lang='lat' dir='ltr'>sed</span> <span class='ocrx_word' id='word_1_23' title='bbox 254 713 292 778; x_wconf 92' lang='lat' dir='ltr'>in</span> <span class='ocrx_word' id='word_1_24' title='bbox 313 714 388 779; x_wconf 86' lang='lat' dir='ltr'>vita</span> <span class='ocrx_word' id='word_1_25' title='bbox 412 715 517 780; x_wconf 87' lang='lat' dir='ltr'>etiam</span> <span class='ocrx_word' id='word_1_26' title='bbox 538 715 675 802; x_wconf 89' lang='lat' dir='ltr'>privata</span> <span class='ocrx_word' id='word_1_27' title='bbox 700 719 735 780; x_wconf 89' lang='lat' dir='ltr'>et</span> <span class='ocrx_word' id='word_1_28' title='bbox 758 715 882 802; x_wconf 89' lang='lat' dir='ltr'>quieta.</span> <span class='ocrx_word' id='word_1_29' title='bbox 900 741 912 782; x_wconf 78' lang='grc'>1</span> <span class='ocrx_word' id='word_1_30' title='bbox 931 712 1112 801; x_wconf 89' lang='lat' dir='ltr'>Sophocles</span> <span class='ocrx_word' id='word_1_31' title='bbox 1134 713 1181 779; x_wconf 86' lang='lat' dir='ltr'>ad</span> 
     </span>
     <span class='ocr_line' id='line_1_5' title="bbox 174 816 1181 906; baseline -0.003 -23"><span class='ocrx_word' id='word_1_32' title='bbox 174 837 342 883; x_wconf 87' lang='lat' dir='ltr'>summam</span> <span class='ocrx_word' id='word_1_33' title='bbox 363 820 571 883; x_wconf 89' lang='lat' dir='ltr'>senectutem</span> <span class='ocrx_word' id='word_1_34' title='bbox 591 817 785 905; x_wconf 80' lang='lat' dir='ltr'><strong>tragoedias</strong></span> <span class='ocrx_word' id='word_1_35' title='bbox 806 817 908 901; x_wconf 82' lang='lat' dir='ltr'>focit3</span> <span class='ocrx_word' id='word_1_36' title='bbox 930 816 1181 906; x_wconf 89' lang='lat' dir='ltr'>quodpropter</span> 
     </span>
     <span class='ocr_line' id='line_1_6' title="bbox 175 918 1223 1008; baseline 0.001 -23"><span class='ocrx_word' id='word_1_37' title='bbox 175 920 325 986; x_wconf 91' lang='lat' dir='ltr'>studium</span> <span class='ocrx_word' id='word_1_38' title='bbox 345 939 424 984; x_wconf 90' lang='lat' dir='ltr'>cum</span> <span class='ocrx_word' id='word_1_39' title='bbox 444 939 517 984; x_wconf 89' lang='lat' dir='ltr'>rem</span> <span class='ocrx_word' id='word_1_40' title='bbox 538 918 718 1008; x_wconf 82' lang='lat' dir='ltr'>neglegere</span> <span class='ocrx_word' id='word_1_41' title='bbox 739 919 943 986; x_wconf 82' lang='lat' dir='ltr'>familiarem</span> <span class='ocrx_word' id='word_1_42' title='bbox 964 918 1143 1002; x_wconf 87' lang='lat' dir='ltr'>videretur,</span> <span class='ocrx_word' id='word_1_43' title='bbox 1159 939 1182 984; x_wconf 89' lang='lat' dir='ltr'>a</span> <span class='ocrx_word' id='word_1_44' title='bbox 1207 940 1223 986; x_wconf 85' lang='lat' dir='ltr'>s</span> 
     </span>
     <span class='ocr_line' id='line_1_7' title="bbox 174 1021 1182 1109; baseline -0.002 -21"><span class='ocrx_word' id='word_1_45' title='bbox 174 1023 255 1090; x_wconf 90' lang='lat' dir='ltr'>filiis</span> <span class='ocrx_word' id='word_1_46' title='bbox 279 1023 316 1088; x_wconf 94' lang='lat' dir='ltr'>in</span> <span class='ocrx_word' id='word_1_47' title='bbox 340 1021 501 1087; x_wconf 86' lang='lat' dir='ltr'>iudicium</span> <span class='ocrx_word' id='word_1_48' title='bbox 526 1025 666 1087; x_wconf 85' lang='lat' dir='ltr'>vocatus</span> <span class='ocrx_word' id='word_1_49' title='bbox 692 1026 751 1105; x_wconf 89' lang='lat' dir='ltr'>cst,</span> <span class='ocrx_word' id='word_1_50' title='bbox 775 1025 823 1105; x_wconf 92' lang='lat' dir='ltr'>ut,</span> <span class='ocrx_word' id='word_1_51' title='bbox 847 1043 948 1109; x_wconf 91' lang='lat' dir='ltr'>quem</span> <span class='ocrx_word' id='word_1_52' title='bbox 972 1023 1017 1088; x_wconf 82' lang='lat' dir='ltr'>ad</span> <span class='ocrx_word' id='word_1_53' title='bbox 1040 1022 1182 1087; x_wconf 91' lang='lat' dir='ltr'>modum</span> 
     </span>
     <span class='ocr_line' id='line_1_8' title="bbox 174 1123 1182 1211; baseline -0.003 -20"><span class='ocrx_word' id='word_1_54' title='bbox 174 1130 292 1193; x_wconf 89' lang='lat' dir='ltr'>nostro</span> <span class='ocrx_word' id='word_1_55' title='bbox 312 1145 407 1191; x_wconf 88' lang='lat' dir='ltr'>more</span> <span class='ocrx_word' id='word_1_56' title='bbox 424 1123 514 1189; x_wconf 87' lang='lat' dir='ltr'>male</span> <span class='ocrx_word' id='word_1_57' title='bbox 532 1143 606 1189; x_wconf 90' lang='lat' dir='ltr'>rem</span> <span class='ocrx_word' id='word_1_58' title='bbox 627 1123 822 1210; x_wconf 76' lang='lat' dir='ltr'>gerentibus</span> <span class='ocrx_word' id='word_1_59' title='bbox 842 1124 997 1211; x_wconf 89' lang='lat' dir='ltr'>patribus</span> <span class='ocrx_word' id='word_1_60' title='bbox 1019 1124 1116 1190; x_wconf 88' lang='lat' dir='ltr'>bonis</span> <span class='ocrx_word' id='word_1_61' title='bbox 1133 1123 1182 1188; x_wconf 92' lang='lat' dir='ltr'>in-</span> 
     </span>
     <span class='ocr_line' id='line_1_9' title="bbox 174 1225 1183 1312; baseline -0.004 -17"><span class='ocrx_word' id='word_1_62' title='bbox 174 1228 295 1295; x_wconf 82' lang='lat' dir='ltr'>terdici</span> <span class='ocrx_word' id='word_1_63' title='bbox 309 1228 403 1310; x_wconf 89' lang='lat' dir='ltr'>solet,</span> <span class='ocrx_word' id='word_1_64' title='bbox 415 1226 463 1292; x_wconf 91' lang='lat' dir='ltr'>sic</span> <span class='ocrx_word' id='word_1_65' title='bbox 476 1226 574 1290; x_wconf 87' lang='lat' dir='ltr'>illum</span> <span class='ocrx_word' id='word_1_66' title='bbox 587 1225 683 1312; x_wconf 85' lang='lat' dir='ltr'>quasi</span> <span class='ocrx_word' id='word_1_67' title='bbox 697 1225 918 1312; x_wconf 85' lang='lat' dir='ltr'>desipientem</span> <span class='ocrx_word' id='word_1_68' title='bbox 932 1246 953 1290; x_wconf 91' lang='lat' dir='ltr'>a</span> <span class='ocrx_word' id='word_1_69' title='bbox 966 1246 1004 1291; x_wconf 90' lang='lat' dir='ltr'>re</span> <span class='ocrx_word' id='word_1_70' title='bbox 1018 1225 1183 1291; x_wconf 80' lang='lat' dir='ltr'>familiari</span> 
     </span>
     <span class='ocr_line' id='line_1_10' title="bbox 174 1326 1180 1410; baseline -0.005 -14"><span class='ocrx_word' id='word_1_71' title='bbox 174 1333 387 1396; x_wconf 86' lang='lat' dir='ltr'>removerent</span> <span class='ocrx_word' id='word_1_72' title='bbox 400 1327 535 1393; x_wconf 90' lang='lat' dir='ltr'>iudices.</span> <span class='ocrx_word' id='word_1_73' title='bbox 572 1327 661 1392; x_wconf 88' lang='lat' dir='ltr'>Turn</span> <span class='ocrx_word' id='word_1_74' title='bbox 675 1346 777 1393; x_wconf 84' lang='lat' dir='ltr'>senex</span> <span class='ocrx_word' id='word_1_75' title='bbox 791 1326 914 1390; x_wconf 86' lang='lat' dir='ltr'>dicitur</span> <span class='ocrx_word' id='word_1_76' title='bbox 928 1347 1003 1391; x_wconf 88' lang='lat' dir='ltr'>eam</span> <span class='ocrx_word' id='word_1_77' title='bbox 1016 1326 1180 1410; x_wconf 83' lang='lat' dir='ltr'>fabulam,</span> 
     </span>
     <span class='ocr_line' id='line_1_11' title="bbox 175 1427 1226 1519; baseline -0.001 -23"><span class='ocrx_word' id='word_1_78' title='bbox 175 1452 277 1519; x_wconf 90' lang='lat' dir='ltr'>quam</span> <span class='ocrx_word' id='word_1_79' title='bbox 288 1431 324 1495; x_wconf 92' lang='lat' dir='ltr'>in</span> <span class='ocrx_word' id='word_1_80' title='bbox 337 1430 492 1496; x_wconf 89' lang='lat' dir='ltr'>manibus</span> <span class='ocrx_word' id='word_1_81' title='bbox 505 1428 653 1495; x_wconf 88' lang='lat' dir='ltr'>habebat</span> <span class='ocrx_word' id='word_1_82' title='bbox 667 1432 702 1494; x_wconf 91' lang='lat' dir='ltr'>et</span> <span class='ocrx_word' id='word_1_83' title='bbox 715 1427 869 1515; x_wconf 86' lang='lat' dir='ltr'>proxime</span> <span class='ocrx_word' id='word_1_84' title='bbox 883 1427 1070 1515; x_wconf 83' lang='lat' dir='ltr'>scripserat,</span> <span class='ocrx_word' id='word_1_85' title='bbox 1081 1427 1182 1493; x_wconf 89' lang='lat' dir='ltr'>Oedi-</span> <span class='ocrx_word' id='word_1_86' title='bbox 1193 1447 1226 1495; x_wconf 93' lang='grc'>10</span> 
     </span>
     <span class='ocr_line' id='line_1_12' title="bbox 173 1529 1182 1621; baseline -0.001 -23"><span class='ocrx_word' id='word_1_87' title='bbox 173 1554 257 1621; x_wconf 89' lang='lat' dir='ltr'>pum</span> <span class='ocrx_word' id='word_1_88' title='bbox 272 1531 467 1615; x_wconf 82' lang='lat' dir='ltr'>Coloneum,</span> <span class='ocrx_word' id='word_1_89' title='bbox 483 1532 640 1598; x_wconf 88' lang='lat' dir='ltr'>recitasse</span> <span class='ocrx_word' id='word_1_90' title='bbox 656 1529 822 1595; x_wconf 91' lang='lat' dir='ltr'>iudicibus</span> <span class='ocrx_word' id='word_1_91' title='bbox 839 1529 1080 1618; x_wconf 88' lang='lat' dir='ltr'>quaesisseque,</span> <span class='ocrx_word' id='word_1_92' title='bbox 1096 1551 1182 1598; x_wconf 91' lang='lat' dir='ltr'>num</span> 
     </span>
     <span class='ocr_line' id='line_1_13' title="bbox 173 1632 1182 1722; baseline -0.001 -22"><span class='ocrx_word' id='word_1_93' title='bbox 173 1635 259 1700; x_wconf 91' lang='lat' dir='ltr'>illud</span> <span class='ocrx_word' id='word_1_94' title='bbox 273 1655 409 1700; x_wconf 91' lang='lat' dir='ltr'>carmen</span> <span class='ocrx_word' id='word_1_95' title='bbox 423 1633 617 1722; x_wconf 91' lang='lat' dir='ltr'>desipientis</span> <span class='ocrx_word' id='word_1_96' title='bbox 631 1632 811 1700; x_wconf 82' lang='lat' dir='ltr'>videretur.</span> <span class='ocrx_word' id='word_1_97' title='bbox 856 1632 933 1711; x_wconf 84' lang='lat' dir='ltr'>Quo</span> <span class='ocrx_word' id='word_1_98' title='bbox 949 1633 1092 1699; x_wconf 87' lang='lat' dir='ltr'>recitato</span> <span class='ocrx_word' id='word_1_99' title='bbox 1109 1655 1182 1700; x_wconf 88' lang='lat' dir='ltr'>sen·</span> 
     </span>
     <span class='ocr_line' id='line_1_14' title="bbox 128 1735 1181 1825; baseline 0.001 -22"><span class='ocrx_word' id='word_1_100' title='bbox 128 1751 164 1803; x_wconf 78' lang='lat'>23</span> <span class='ocrx_word' id='word_1_101' title='bbox 174 1738 291 1804; x_wconf 87' lang='lat' dir='ltr'>tentiis</span> <span class='ocrx_word' id='word_1_102' title='bbox 305 1737 455 1803; x_wconf 91' lang='lat' dir='ltr'>iudicum</span> <span class='ocrx_word' id='word_1_103' title='bbox 468 1743 521 1804; x_wconf 86' lang='lat' dir='ltr'>cst</span> <span class='ocrx_word' id='word_1_104' title='bbox 535 1737 707 1804; x_wconf 88' lang='lat' dir='ltr'>liberatus.</span> <span class='ocrx_word' id='word_1_105' title='bbox 750 1736 847 1803; x_wconf 89' lang='lat' dir='ltr'>Num</span> <span class='ocrx_word' id='word_1_106' title='bbox 860 1736 966 1825; x_wconf 90' lang='lat' dir='ltr'>igitur</span> <span class='ocrx_word' id='word_1_107' title='bbox 982 1735 1082 1822; x_wconf 91' lang='lat' dir='ltr'>hunc,</span> <span class='ocrx_word' id='word_1_108' title='bbox 1097 1758 1181 1804; x_wconf 91' lang='lat' dir='ltr'>num</span> 
     </span>
     <span class='ocr_line' id='line_1_15' title="bbox 175 1838 1179 1924; baseline 0 -18"><span class='ocrx_word' id='word_1_109' title='bbox 175 1839 375 1923; x_wconf 87' lang='lat' dir='ltr'>Homerum,</span> <span class='ocrx_word' id='word_1_110' title='bbox 388 1839 586 1924; x_wconf 87' lang='lat' dir='ltr'>Hesiodum,</span> <span class='ocrx_word' id='word_1_111' title='bbox 600 1839 818 1923; x_wconf 83' lang='lat' dir='ltr'>Simonidem,</span> <span class='ocrx_word' id='word_1_112' title='bbox 835 1838 1072 1924; x_wconf 82' lang='lat' dir='ltr'>Stesichorum,</span> <span class='ocrx_word' id='word_1_113' title='bbox 1087 1861 1179 1924; x_wconf 91' lang='lat' dir='ltr'>num,</span> 
     </span>
     <span class='ocr_line' id='line_1_16' title="bbox 175 1941 1223 2032; baseline 0.002 -24"><span class='ocrx_word' id='word_1_114' title='bbox 175 1963 260 2031; x_wconf 90' lang='lat' dir='ltr'>quos</span> <span class='ocrx_word' id='word_1_115' title='bbox 268 1946 347 2009; x_wconf 91' lang='lat' dir='ltr'>ante</span> <span class='ocrx_word' id='word_1_116' title='bbox 356 1941 437 2026; x_wconf 87' lang='lat' dir='ltr'>dixi,</span> <span class='ocrx_word' id='word_1_117' title='bbox 446 1942 629 2025; x_wconf 88' lang='lat' dir='ltr'>Isocraten,</span> <span class='ocrx_word' id='word_1_118' title='bbox 638 1943 801 2030; x_wconf 83' lang='lat' dir='ltr'>Gorgian,</span> <span class='ocrx_word' id='word_1_119' title='bbox 811 1964 894 2008; x_wconf 92' lang='lat' dir='ltr'>num</span> <span class='ocrx_word' id='word_1_120' title='bbox 903 1943 1223 2032; x_wconf 83' lang='lat' dir='ltr'>philosophorumrs</span> 
     </span>
     <span class='ocr_line' id='line_1_17' title="bbox 175 2044 1179 2134; baseline 0.002 -24"><span class='ocrx_word' id='word_1_121' title='bbox 175 2046 353 2133; x_wconf 88' lang='lat' dir='ltr'>principes,</span> <span class='ocrx_word' id='word_1_122' title='bbox 369 2044 614 2134; x_wconf 84' lang='lat' dir='ltr'>Pythagoram,</span> <span class='ocrx_word' id='word_1_123' title='bbox 630 2045 875 2129; x_wconf 84' lang='lat' dir='ltr'>Democritum,</span> <span class='ocrx_word' id='word_1_124' title='bbox 890 2066 973 2110; x_wconf 93' lang='lat' dir='ltr'>num</span> <span class='ocrx_word' id='word_1_125' title='bbox 990 2046 1179 2130; x_wconf 87' lang='lat' dir='ltr'>Platonem,</span> 
     </span>
     <span class='ocr_line' id='line_1_18' title="bbox 174 2147 1182 2234; baseline 0.003 -22"><span class='ocrx_word' id='word_1_126' title='bbox 174 2168 259 2212; x_wconf 91' lang='lat' dir='ltr'>num</span> <span class='ocrx_word' id='word_1_127' title='bbox 282 2147 507 2230; x_wconf 89' lang='lat' dir='ltr'>Xenocraten,</span> <span class='ocrx_word' id='word_1_128' title='bbox 528 2168 611 2212; x_wconf 89' lang='lat' dir='ltr'>num</span> <span class='ocrx_word' id='word_1_129' title='bbox 635 2151 756 2234; x_wconf 86' lang='lat' dir='ltr'>postea</span> <span class='ocrx_word' id='word_1_130' title='bbox 780 2148 959 2230; x_wconf 90' lang='lat' dir='ltr'>Zenonem,</span> <span class='ocrx_word' id='word_1_131' title='bbox 981 2148 1182 2215; x_wconf 82' lang='lat' dir='ltr'>Cleanthem</span> 
     </span>
     <span class='ocr_line' id='line_1_19' title="bbox 175 2249 1183 2338; baseline 0 -22"><span class='ocrx_word' id='word_1_132' title='bbox 175 2255 235 2316; x_wconf 89' lang='lat' dir='ltr'>aut</span> <span class='ocrx_word' id='word_1_133' title='bbox 257 2271 344 2333; x_wconf 91' lang='lat' dir='ltr'>eum,</span> <span class='ocrx_word' id='word_1_134' title='bbox 360 2270 461 2338; x_wconf 87' lang='lat' dir='ltr'>quom</span> <span class='ocrx_word' id='word_1_135' title='bbox 478 2269 539 2317; x_wconf 83' lang='lat' dir='ltr'>vos</span> <span class='ocrx_word' id='word_1_136' title='bbox 560 2249 664 2314; x_wconf 88' lang='lat' dir='ltr'>etiam</span> <span class='ocrx_word' id='word_1_137' title='bbox 683 2249 815 2315; x_wconf 85' lang='lat' dir='ltr'>vidistis</span> <span class='ocrx_word' id='word_1_138' title='bbox 836 2249 975 2332; x_wconf 84' lang='lat' dir='ltr'>Romae,</span> <span class='ocrx_word' id='word_1_139' title='bbox 991 2249 1183 2338; x_wconf 90' lang='lat' dir='ltr'>Diogenem</span> 
     </span>
    </p>
   </div>
   <div class='ocr_carea' id='block_1_3' title="bbox 129 2351 1225 2746">
    <p class='ocr_par' dir='ltr' id='par_1_3' title="bbox 177 2351 1182 2440">
     <span class='ocr_line' id='line_1_20' title="bbox 177 2351 1182 2440; baseline 0 -22"><span class='ocrx_word' id='word_1_140' title='bbox 177 2351 339 2435; x_wconf 89' lang='lat' dir='ltr'>Stoicum,</span> <span class='ocrx_word' id='word_1_141' title='bbox 355 2352 467 2440; x_wconf 79' lang='lat' dir='ltr'>coe&#39;git</span> <span class='ocrx_word' id='word_1_142' title='bbox 484 2351 520 2415; x_wconf 95' lang='lat' dir='ltr'>in</span> <span class='ocrx_word' id='word_1_143' title='bbox 535 2351 603 2416; x_wconf 90' lang='lat' dir='ltr'>suis</span> <span class='ocrx_word' id='word_1_144' title='bbox 621 2351 741 2416; x_wconf 87' lang='lat' dir='ltr'>studiis</span> <span class='ocrx_word' id='word_1_145' title='bbox 759 2351 989 2416; x_wconf 89' lang='lat' dir='ltr'>obmutescere</span> <span class='ocrx_word' id='word_1_146' title='bbox 1007 2354 1182 2418; x_wconf 80' lang='lat' dir='ltr'>senectusl</span> 
     </span>
    </p>

    <p class='ocr_par' dir='ltr' id='par_1_4' title="bbox 129 2451 1225 2644">
     <span class='ocr_line' id='line_1_21' title="bbox 176 2451 1225 2540; baseline -0.002 -20"><span class='ocrx_word' id='word_1_147' title='bbox 176 2473 222 2520; x_wconf 90' lang='lat' dir='ltr'>an</span> <span class='ocrx_word' id='word_1_148' title='bbox 238 2454 275 2519; x_wconf 92' lang='lat' dir='ltr'>in</span> <span class='ocrx_word' id='word_1_149' title='bbox 293 2454 449 2520; x_wconf 89' lang='lat' dir='ltr'>omnibus</span> <span class='ocrx_word' id='word_1_150' title='bbox 470 2452 524 2519; x_wconf 91' lang='lat' dir='ltr'>his</span> <span class='ocrx_word' id='word_1_151' title='bbox 546 2451 737 2518; x_wconf 87' lang='lat' dir='ltr'>studiorum</span> <span class='ocrx_word' id='word_1_152' title='bbox 757 2453 902 2540; x_wconf 90' lang='lat' dir='ltr'>agitatio</span> <span class='ocrx_word' id='word_1_153' title='bbox 919 2452 1011 2519; x_wconf 88' lang='lat' dir='ltr'>vitae</span> <span class='ocrx_word' id='word_1_154' title='bbox 1032 2452 1181 2540; x_wconf 79' lang='lat' dir='ltr'>aequalis</span> <span class='ocrx_word' id='word_1_155' title='bbox 1191 2471 1225 2518; x_wconf 76' lang='lat' dir='ltr'>ao</span> 
     </span>
     <span class='ocr_line' id='line_1_22' title="bbox 129 2554 1221 2644; baseline 0.001 -26"><span class='ocrx_word' id='word_1_156' title='bbox 129 2555 266 2622; x_wconf 74' lang='grc'>24111111</span> <span class='ocrx_word' id='word_1_157' title='bbox 310 2556 397 2644; x_wconf 88' lang='lat' dir='ltr'>Age,</span> <span class='ocrx_word' id='word_1_158' title='bbox 413 2560 452 2621; x_wconf 93' lang='lat' dir='ltr'>ut</span> <span class='ocrx_word' id='word_1_159' title='bbox 469 2555 536 2621; x_wconf 90' lang='lat' dir='ltr'>ista</span> <span class='ocrx_word' id='word_1_160' title='bbox 553 2554 670 2620; x_wconf 87' lang='lat' dir='ltr'>divina</span> <span class='ocrx_word' id='word_1_161' title='bbox 689 2554 802 2621; x_wconf 90' lang='lat' dir='ltr'>studia</span> <span class='ocrx_word' id='word_1_162' title='bbox 822 2555 1029 2639; x_wconf 91' lang='lat' dir='ltr'>omittamus,</span> <span class='ocrx_word' id='word_1_163' title='bbox 1044 2575 1182 2644; x_wconf 91' lang='lat' dir='ltr'>possum</span> <span class='ocrx_word' id='word_1_164' title='bbox 1217 2592 1221 2596; x_wconf 90' lang='lat'><em>-</em></span> 
     </span>
    </p>

    <p class='ocr_par' dir='ltr' id='par_1_5' title="bbox 175 2656 1182 2746">
     <span class='ocr_line' id='line_1_23' title="bbox 175 2656 1182 2746; baseline 0 -23"><span class='ocrx_word' id='word_1_165' title='bbox 175 2658 352 2725; x_wconf 87' lang='lat' dir='ltr'>nominare</span> <span class='ocrx_word' id='word_1_166' title='bbox 372 2678 415 2724; x_wconf 86' lang='lat' dir='ltr'>ex</span> <span class='ocrx_word' id='word_1_167' title='bbox 436 2678 520 2746; x_wconf 89' lang='lat' dir='ltr'>agro</span> <span class='ocrx_word' id='word_1_168' title='bbox 543 2656 668 2724; x_wconf 91' lang='lat' dir='ltr'>Sabino</span> <span class='ocrx_word' id='word_1_169' title='bbox 689 2657 832 2723; x_wconf 88' lang='lat' dir='ltr'>rusticos</span> <span class='ocrx_word' id='word_1_170' title='bbox 853 2657 1036 2741; x_wconf 88' lang='lat' dir='ltr'>Romanos,</span> <span class='ocrx_word' id='word_1_171' title='bbox 1054 2657 1182 2724; x_wconf 87' lang='lat' dir='ltr'>vicinos</span> 
     </span>
    </p>
   </div>
   <div class='ocr_carea' id='block_1_4' title="bbox 129 2759 1224 3766">
    <p class='ocr_par' dir='ltr' id='par_1_6' title="bbox 129 2759 1224 3766">
     <span class='ocr_line' id='line_1_24' title="bbox 177 2759 1183 2850; baseline 0 -24"><span class='ocrx_word' id='word_1_172' title='bbox 177 2766 212 2826; x_wconf 90' lang='lat' dir='ltr'>et</span> <span class='ocrx_word' id='word_1_173' title='bbox 229 2760 413 2827; x_wconf 83' lang='lat' dir='ltr'>familiares</span> <span class='ocrx_word' id='word_1_174' title='bbox 429 2781 533 2843; x_wconf 91' lang='lat' dir='ltr'>meos,</span> <span class='ocrx_word' id='word_1_175' title='bbox 549 2759 670 2848; x_wconf 92' lang='lat' dir='ltr'>quibus</span> <span class='ocrx_word' id='word_1_176' title='bbox 692 2760 887 2826; x_wconf 88' lang='lat' dir='ltr'>absentibus</span> <span class='ocrx_word' id='word_1_177' title='bbox 908 2780 1093 2850; x_wconf 91' lang='lat' dir='ltr'>numquam</span> <span class='ocrx_word' id='word_1_178' title='bbox 1111 2760 1183 2827; x_wconf 84' lang='lat' dir='ltr'>fere</span> 
     </span>
     <span class='ocr_line' id='line_1_25' title="bbox 176 2862 1183 2950; baseline 0.001 -23"><span class='ocrx_word' id='word_1_179' title='bbox 176 2862 248 2929; x_wconf 91' lang='lat' dir='ltr'>ulla</span> <span class='ocrx_word' id='word_1_180' title='bbox 271 2863 309 2928; x_wconf 92' lang='lat' dir='ltr'>in</span> <span class='ocrx_word' id='word_1_181' title='bbox 332 2883 415 2950; x_wconf 90' lang='lat' dir='ltr'>agro</span> <span class='ocrx_word' id='word_1_182' title='bbox 439 2863 571 2928; x_wconf 89' lang='lat' dir='ltr'>maiora</span> <span class='ocrx_word' id='word_1_183' title='bbox 595 2882 698 2949; x_wconf 91' lang='lat' dir='ltr'>opera</span> <span class='ocrx_word' id='word_1_184' title='bbox 723 2862 822 2946; x_wconf 91' lang='lat' dir='ltr'>fiunt,</span> <span class='ocrx_word' id='word_1_185' title='bbox 842 2884 911 2929; x_wconf 95' lang='lat' dir='ltr'>non</span> <span class='ocrx_word' id='word_1_186' title='bbox 936 2865 1094 2946; x_wconf 86' lang='lat' dir='ltr'>serendis,</span> <span class='ocrx_word' id='word_1_187' title='bbox 1113 2883 1183 2929; x_wconf 91' lang='lat' dir='ltr'>non</span> 
     </span>
     <span class='ocr_line' id='line_1_26' title="bbox 174 2965 1224 3056; baseline -0.002 -25"><span class='ocrx_word' id='word_1_188' title='bbox 174 2965 407 3053; x_wconf 87' lang='lat' dir='ltr'>percipiendis,</span> <span class='ocrx_word' id='word_1_189' title='bbox 422 2985 492 3030; x_wconf 92' lang='lat' dir='ltr'>non</span> <span class='ocrx_word' id='word_1_190' title='bbox 507 2965 689 3031; x_wconf 89' lang='lat' dir='ltr'>condendis</span> <span class='ocrx_word' id='word_1_191' title='bbox 703 2965 879 3032; x_wconf 83' lang='lat' dir='ltr'>fructibus.</span> <span class='ocrx_word' id='word_1_192' title='bbox 920 2966 1133 3056; x_wconf 83' lang='lat' dir='ltr'>Quamquam</span> <span class='ocrx_word' id='word_1_193' title='bbox 1147 2966 1182 3029; x_wconf 91' lang='lat' dir='ltr'>in</span> <span class='ocrx_word' id='word_1_194' title='bbox 1192 2985 1224 3030; x_wconf 76' lang='lat' dir='ltr'>as</span> 
     </span>
     <span class='ocr_line' id='line_1_27' title="bbox 176 3066 1181 3169; baseline 0.001 -39"><span class='ocrx_word' id='word_1_195' title='bbox 176 3066 251 3131; x_wconf 88' lang='lat' dir='ltr'>aliis</span> <span class='ocrx_word' id='word_1_196' title='bbox 265 3067 376 3134; x_wconf 90' lang='lat' dir='ltr'>minus</span> <span class='ocrx_word' id='word_1_197' title='bbox 390 3066 455 3131; x_wconf 94' lang='lat' dir='ltr'>hoc</span> <span class='ocrx_word' id='word_1_198' title='bbox 468 3067 594 3131; x_wconf 90' lang='lat' dir='ltr'>mirum</span> <span class='ocrx_word' id='word_1_199' title='bbox 608 3072 679 3150; x_wconf 83' lang='lat' dir='ltr'>est3</span> <span class='ocrx_word' id='word_1_200' title='bbox 698 3088 799 3169; x_wconf 73' lang='lat' dir='ltr'>nemo</span> <span class='ocrx_word' id='word_1_201' title='bbox 813 3069 905 3134; x_wconf 91' lang='lat' dir='ltr'>enim</span> <span class='ocrx_word' id='word_1_202' title='bbox 918 3073 969 3133; x_wconf 91' lang='lat' dir='ltr'>est</span> <span class='ocrx_word' id='word_1_203' title='bbox 984 3074 1057 3134; x_wconf 91' lang='lat' dir='ltr'>tam</span> <span class='ocrx_word' id='word_1_204' title='bbox 1071 3088 1181 3148; x_wconf 81' lang='lat' dir='ltr'>senex,</span> 
     </span>
     <span class='ocr_line' id='line_1_28' title="bbox 175 3168 1182 3255; baseline 0.001 -24"><span class='ocrx_word' id='word_1_205' title='bbox 175 3168 235 3253; x_wconf 94' lang='lat' dir='ltr'>qui</span> <span class='ocrx_word' id='word_1_206' title='bbox 249 3189 284 3233; x_wconf 90' lang='lat' dir='ltr'>se</span> <span class='ocrx_word' id='word_1_207' title='bbox 299 3188 427 3234; x_wconf 91' lang='lat' dir='ltr'>annum</span> <span class='ocrx_word' id='word_1_208' title='bbox 444 3188 513 3234; x_wconf 91' lang='lat' dir='ltr'>non</span> <span class='ocrx_word' id='word_1_209' title='bbox 527 3172 626 3255; x_wconf 87' lang='lat' dir='ltr'>putet</span> <span class='ocrx_word' id='word_1_210' title='bbox 642 3189 741 3254; x_wconf 89' lang='lat' dir='ltr'>posse</span> <span class='ocrx_word' id='word_1_211' title='bbox 754 3170 869 3235; x_wconf 81' lang='lat' dir='ltr'>vivere</span> <span class='ocrx_word' id='word_1_212' title='bbox 877 3192 886 3253; x_wconf 92' lang='lat'>;</span> <span class='ocrx_word' id='word_1_213' title='bbox 908 3170 1071 3235; x_wconf 90' lang='lat' dir='ltr'>sedidem</span> <span class='ocrx_word' id='word_1_214' title='bbox 1085 3171 1121 3233; x_wconf 90' lang='lat' dir='ltr'>in</span> <span class='ocrx_word' id='word_1_215' title='bbox 1135 3170 1182 3233; x_wconf 91' lang='lat' dir='ltr'>eis</span> 
     </span>
     <span class='ocr_line' id='line_1_29' title="bbox 176 3267 1181 3358; baseline 0.002 -24"><span class='ocrx_word' id='word_1_216' title='bbox 176 3267 362 3354; x_wconf 88' lang='lat' dir='ltr'>elaborant,</span> <span class='ocrx_word' id='word_1_217' title='bbox 378 3291 465 3358; x_wconf 88' lang='lat' dir='ltr'>quae</span> <span class='ocrx_word' id='word_1_218' title='bbox 483 3270 594 3336; x_wconf 87' lang='lat' dir='ltr'>sciunt</span> <span class='ocrx_word' id='word_1_219' title='bbox 614 3270 701 3334; x_wconf 87' lang='lat' dir='ltr'>nihil</span> <span class='ocrx_word' id='word_1_220' title='bbox 719 3270 764 3335; x_wconf 87' lang='lat' dir='ltr'>ad</span> <span class='ocrx_word' id='word_1_221' title='bbox 782 3291 818 3335; x_wconf 89' lang='lat' dir='ltr'>se</span> <span class='ocrx_word' id='word_1_222' title='bbox 834 3270 973 3335; x_wconf 92' lang='lat' dir='ltr'>omnino</span> <span class='ocrx_word' id='word_1_223' title='bbox 994 3271 1181 3356; x_wconf 90' lang='lat' dir='ltr'>pertinere:</span> 
     </span>
     <span class='ocr_line' id='line_1_30' title="bbox 177 3370 1181 3459; baseline 0 -22"><span class='ocrx_word' id='word_1_224' title='bbox 177 3371 296 3437; x_wconf 86' lang='lat' dir='ltr'>“Serit</span> <span class='ocrx_word' id='word_1_225' title='bbox 322 3374 468 3454; x_wconf 90' lang='lat' dir='ltr'>arbores,</span> <span class='ocrx_word' id='word_1_226' title='bbox 489 3392 575 3459; x_wconf 89' lang='lat' dir='ltr'>quae</span> <span class='ocrx_word' id='word_1_227' title='bbox 600 3371 700 3436; x_wconf 90' lang='lat' dir='ltr'>alteri</span> <span class='ocrx_word' id='word_1_228' title='bbox 726 3370 859 3438; x_wconf 91' lang='lat' dir='ltr'>saeculo</span> <span class='ocrx_word' id='word_1_229' title='bbox 883 3371 1045 3459; x_wconf 86' lang='lat' dir='ltr'>prosint,’&#39;</span> <span class='ocrx_word' id='word_1_230' title='bbox 1068 3375 1107 3437; x_wconf 93' lang='lat' dir='ltr'>ut</span> <span class='ocrx_word' id='word_1_231' title='bbox 1132 3372 1181 3437; x_wconf 90' lang='lat' dir='ltr'>ait</span> 
     </span>
     <span class='ocr_line' id='line_1_31' title="bbox 129 3470 1223 3562; baseline 0.007 -27"><span class='ocrx_word' id='word_1_232' title='bbox 129 3484 166 3536; x_wconf 82' lang='lat'>25</span> <span class='ocrx_word' id='word_1_233' title='bbox 178 3473 306 3541; x_wconf 87' lang='lat' dir='ltr'>Statius</span> <span class='ocrx_word' id='word_1_234' title='bbox 320 3479 436 3541; x_wconf 91' lang='lat' dir='ltr'>noster</span> <span class='ocrx_word' id='word_1_235' title='bbox 449 3470 486 3538; x_wconf 92' lang='lat' dir='ltr'>in</span> <span class='ocrx_word' id='word_1_236' title='bbox 501 3472 719 3560; x_wconf 88' lang='lat' dir='ltr'>Synephebis.</span> <span class='ocrx_word' id='word_1_237' title='bbox 764 3473 839 3538; x_wconf 90' lang='lat' dir='ltr'>Nec</span> <span class='ocrx_word' id='word_1_238' title='bbox 852 3494 932 3539; x_wconf 85' lang='lat' dir='ltr'>vero</span> <span class='ocrx_word' id='word_1_239' title='bbox 947 3472 1082 3539; x_wconf 88' lang='lat' dir='ltr'>dubitat</span> <span class='ocrx_word' id='word_1_240' title='bbox 1096 3474 1182 3562; x_wconf 89' lang='lat' dir='ltr'>agri·</span> <span class='ocrx_word' id='word_1_241' title='bbox 1191 3499 1223 3545; x_wconf 86' lang='lat' dir='ltr'>so</span> 
     </span>
     <span class='ocr_line' id='line_1_32' title="bbox 175 3575 1181 3668; baseline 0.001 -25"><span class='ocrx_word' id='word_1_242' title='bbox 175 3576 259 3660; x_wconf 76' lang='lat' dir='ltr'>oola,</span> <span class='ocrx_word' id='word_1_243' title='bbox 265 3577 421 3665; x_wconf 83' lang='lat' dir='ltr'>quamvis</span> <span class='ocrx_word' id='word_1_244' title='bbox 430 3576 475 3668; x_wconf 86' lang='lat' dir='ltr'>sit</span> <span class='ocrx_word' id='word_1_245' title='bbox 483 3595 594 3658; x_wconf 74' lang='lat' dir='ltr'>senen,</span> <span class='ocrx_word' id='word_1_246' title='bbox 601 3575 786 3663; x_wconf 90' lang='lat' dir='ltr'>quaerenti,</span> <span class='ocrx_word' id='word_1_247' title='bbox 795 3575 848 3641; x_wconf 93' lang='lat' dir='ltr'>cui</span> <span class='ocrx_word' id='word_1_248' title='bbox 857 3580 956 3658; x_wconf 86' lang='lat' dir='ltr'>serat,</span> <span class='ocrx_word' id='word_1_249' title='bbox 964 3576 1181 3664; x_wconf 86' lang='lat' dir='ltr'>respondere:</span> 
     </span>
     <span class='ocr_line' id='line_1_33' title="bbox 176 3677 1182 3766; baseline 0.001 -21"><span class='ocrx_word' id='word_1_250' title='bbox 176 3678 197 3734; x_wconf 80' lang='lat'>‘.‘</span> <span class='ocrx_word' id='word_1_251' title='bbox 206 3677 269 3746; x_wconf 87' lang='lat' dir='ltr'>Dis</span> <span class='ocrx_word' id='word_1_252' title='bbox 283 3678 530 3761; x_wconf 87' lang='lat' dir='ltr'>inmortalibus,</span> <span class='ocrx_word' id='word_1_253' title='bbox 542 3677 600 3765; x_wconf 92' lang='lat' dir='ltr'>qui</span> <span class='ocrx_word' id='word_1_254' title='bbox 614 3697 670 3744; x_wconf 89' lang='lat' dir='ltr'>me</span> <span class='ocrx_word' id='word_1_255' title='bbox 687 3697 757 3744; x_wconf 91' lang='lat' dir='ltr'>non</span> <span class='ocrx_word' id='word_1_256' title='bbox 774 3677 924 3766; x_wconf 87' lang='lat' dir='ltr'>accipere</span> <span class='ocrx_word' id='word_1_257' title='bbox 940 3678 1043 3746; x_wconf 92' lang='lat' dir='ltr'>modo</span> <span class='ocrx_word' id='word_1_258' title='bbox 1059 3678 1143 3748; x_wconf 88' lang='lat' dir='ltr'>haec</span> <span class='ocrx_word' id='word_1_259' title='bbox 1159 3700 1182 3746; x_wconf 93' lang='lat' dir='ltr'>a</span> 
     </span>
    </p>
   </div>
   <div class='ocr_carea' id='block_1_5' title="bbox 0 0 1362 4216">
    <p class='ocr_par' dir='ltr' id='par_1_7' title="bbox 0 0 1362 4216">
     <span class='ocr_line' id='line_1_34' title="bbox 0 0 1362 4216; baseline 0 0"><span class='ocrx_word' id='word_1_260' title='bbox 0 0 1362 4216; x_wconf 95' lang='lat' dir='ltr'> </span> 
     </span>
    </p>
   </div>
  </div>
 </body>
</html>
