2714 4216
496 286 577 342 CAP.
594 287 635 350 22,
649 288 689 340 23.
725 287 846 354 §83-88.
1133 291 1175 354 69

168 440 277 506 victus
292 439 468 526 cultusque
482 437 646 522 delectat3
668 437 814 524 honores
827 458 918 521 vero,
927 458 1071 525 quorum
1085 438 1175 527 cupi·

169 542 277 607 ditate
291 541 429 629 quidam
445 540 711 623 inflammantur,
724 560 827 627 quam
843 540 944 606 multi
960 541 1011 608 ita
1027 545 1174 608 contem·

168 649 265 727 nunt,
285 648 325 709 ut
347 643 434 730 nihil
457 643 600 732 inanius,
620 643 707 708 nihil
730 663 801 709 esse
825 642 933 723 leuius
958 643 1172 711 existiment!

168 747 317 834 itemque
331 749 451 832 cetera,
463 767 548 834 quae
562 747 763 844 quibusdam
780 744 992 836 admirabilia
1005 747 1173 832 videntur,

145 849 329 936 spermulti
339 853 419 914 sunt
428 849 486 937 qui
497 869 559 937 pro
570 848 677 925 nihilo
688 852 827 935 putent3
845 848 888 913 de
898 848 1050 914 amicitia
1057 869 1174 915 omnes

169 951 214 1016 ad
229 971 337 1041 unum
352 950 442 1023 idern
459 941 622 1034 sentiunt,
634 955 669 1016 et
683 950 718 1034 ii,
730 950 789 1038 qui
803 950 848 1015 ad
862 971 935 1016 rem
951 949 1122 1038 publicam
1138 971 1174 1017 se

169 1054 395 1139 contulerunt,
414 1059 450 1120 et
471 1054 506 1138 ii,
524 1054 583 1142 qui
604 1075 718 1120 rerum
738 1053 933 1142 cognitione
955 1054 1175 1142 doctrinaque

169 1156 388 1239 delectantur,
409 1161 444 1223 et
466 1156 501 1240 ii,
520 1157 578 1245 qui
599 1177 696 1255 sunm
719 1156 896 1245 negotium
917 1162 1042 1245 gerunt
1063 1157 1173 1241 otiosi,

168 1263 339 1346 postremo
353 1259 387 1342 ii,
399 1259 503 1347 quise
517 1263 609 1326 totos
623 1259 836 1326 tradiderunt
850 1258 1091 1347 voluptatibus,
1103 1259 1175 1325 sine

132 1360 319 1426 roamicitia
335 1361 443 1427 vitam
463 1381 533 1427 esse
555 1361 693 1445 nullam,
709 1362 738 1427 si
754 1362 856 1428 modo
874 1361 981 1428 velint
1002 1361 1115 1449 aliqua
1132 1382 1175 1429 ex

49 1533 56 1543 ,.
169 1452 465 1557 parte'liberaliter
478 1463 601 1531 vivere.
640 1464 752 1552 Serpit
766 1465 858 1531 enim
871 1464 984 1531 nescio
994 1485 1062 1552 quo
1072 1465 1174 1531 modo
1184 1475 1221 1536 87

169 1585 231 1652 per
245 1565 396 1630 omnium
406 1566 495 1632 vitas
510 1566 662 1632 amicitia
675 1587 737 1632 nec
747 1567 853 1632 ullam
866 1567 987 1632 aetatis
1001 1567 1175 1655 degendae

170 1667 337 1732 rationem
359 1667 490 1755 patitur
512 1688 583 1734 esse
605 1672 780 1754 expertem
802 1667 863 1734 sui.
908 1667 1000 1746 Quin
1021 1670 1175 1735 etiamsi

171 1768 246 1855 quis
257 1769 438 1855 asperitate
449 1790 489 1835 ea
500 1775 551 1835 est
562 1775 597 1835 et
608 1769 808 1836 inmanitate
819 1774 969 1853 naturae,
979 1791 1176 1858 congressus

133 1875 211 1939 rsut
222 1870 399 1936 hominum
409 1870 521 1959 fugiat
531 1877 633 1959 atque
643 1871 762 1955 oderit,
772 1871 905 1958 qualem
916 1872 1019 1938 fuisse
1030 1872 1176 1938 Athenis

174 1973 352 2039 Timonem
372 1975 485 2041 nescio
504 1996 604 2063 quem
626 1974 823 2061 accepimus,
838 1980 955 2041 tamen
972 1976 1001 2041 is
1018 1976 1090 2063 pati
1107 1996 1177 2041 non

172 2076 288 2165 possit,
304 2082 344 2142 ut
365 2097 433 2143 non
455 2078 612 2165 anquirat
634 2077 790 2164 aliquem,
809 2079 900 2164 apud
918 2099 1019 2166 quem
1040 2083 1177 2145 evomat

173 2179 266 2244 virus
287 2179 480 2246 acerbitatis
502 2201 589 2246 suae.
634 2181 750 2268 Atque
767 2180 833 2246 hoo
850 2181 997 2247 maxime
1018 2181 1178 2247 iudicare-

173 2285 239 2364 tur,
251 2282 279 2347 si
293 2282 375 2369 quid
389 2282 458 2349 tale
471 2287 585 2372 posset
601 2283 808 2371 contingere,
823 2287 863 2348 ut
880 2283 1002 2372 aliquis
1019 2305 1081 2350 nos
1095 2284 1178 2350 deus

134 2405 216 2452 10011
231 2385 299 2450 hac
319 2384 496 2450 hominum
516 2384 708 2473 frequentia
728 2386 863 2453 tolleret
884 2392 920 2453 et
939 2386 976 2452 in
996 2386 1178 2453 solitudine

173 2487 306 2576 uspiam
327 2487 506 2554 collocaret
527 2492 629 2575 atque
651 2488 699 2554 ibi
720 2489 938 2576 suppeditans
960 2489 1112 2555 omnium
1130 2510 1179 2555 re

175 2611 260 2673 rum,
279 2610 362 2677 quas
383 2594 506 2655 natura
527 2589 704 2672 desiderat,
724 2590 968 2656 abundantiam
989 2597 1024 2657 et
1046 2591 1179 2678 copiam

175 2692 322 2759 hominis
333 2691 472 2757 omnino
486 2691 669 2779 aspiciendi
683 2697 887 2778 potestatem
903 2693 1056 2780 eriperet.
1095 2692 1179 2771 Quis

176 2799 249 2860 tam
266 2798 352 2859 esset
369 2792 509 2875 ferreus,
521 2792 579 2879 qui
596 2813 672 2859 eam
688 2793 797 2859 vitam
813 2793 904 2859 ferre
922 2799 1045 2881 posset,
1061 2794 1180 2882 cuique

136 2916 246 2966 arnon
264 2894 412 2960 auferret
434 2893 584 2958 fructum
600 2892 817 2981 voluptatum
839 2895 991 2960 omnium
1012 2894 1180 2962 solitudol

177 2998 309 3065 Verum
330 3017 412 3083 ergo
434 2995 519 3061 illud
536 3001 596 3079 est,
612 2996 703 3083 quod
720 3017 741 3063 a
759 2995 943 3062 Tarentino
960 2997 1126 3086 Archyta,
1141 3003 1181 3064 ut
1191 3013 1229 3068 88

178 3100 307 3188 opinor,
325 3098 392 3164 dici
414 3097 553 3164 solitum
573 3103 707 3164 nostros
728 3119 823 3165 senes
844 3120 1106 3167 commemorare
1127 3122 1182 3167 au-

178 3203 248 3270 divi
274 3202 318 3269 ab
343 3201 418 3269 aliis
444 3201 578 3267 senibus
604 3201 780 3268 auditum:
807 3205 826 3238 “
837 3201 866 3268 si
892 3202 966 3290 quis
990 3203 1027 3268 in
1052 3203 1182 3270 caelum

179 3306 380 3373 ascendisset
398 3311 621 3393 naturamque
640 3305 758 3370 mundi
779 3309 814 3371 et
836 3305 1123 3393 pulchritudinem
1143 3308 1183 3375 si-

140 3430 171 3478 ao
179 3409 299 3476 derum
315 3409 547 3498 perspexisset,
562 3408 737 3475 insuavem
754 3408 850 3474 illam
870 3408 1130 3478 admirationem
1150 3412 1184 3478 ei

180 3512 272 3595 fore3
298 3533 383 3599 quae
406 3511 646 3577 iucundissima
668 3511 797 3594 fuisset,
813 3510 841 3576 si
862 3511 1018 3598 aliquem,
1034 3514 1087 3578 cui
1110 3534 1183 3580 nar-

181 3620 281 3699 raret,
297 3615 499 3682 habuisset.''
552 3614 607 3680 Sic
629 3617 751 3680 natura
772 3613 961 3680 solitarium
983 3614 1069 3680 nihil
1091 3621 1183 3682 amat
