2684 4186
426 907 475 976 M
494 907 635 977 TULLI
659 907 913 1000 CICERONIS

172 1081 312 1169 OATO
348 1084 525 1174 MAIOR
560 1076 635 1172 Du
672 1086 981 1175 SENEOTUTE
1014 1092 1175 1177 LIBER

338 1277 404 1339 nn
427 1277 465 1343 r.
486 1279 764 1344 POMPONIUM
787 1282 1004 1348 Aramum.

333 1563 438 1627 OTite,
452 1564 477 1617 si
488 1565 555 1632 quid
566 1581 617 1632 ego
631 1566 744 1620 adiuero
755 1581 882 1620 curamve
893 1567 1007 1631 levasso,
1186 1541 1203 1607 Ῑ

332 1645 410 1711 Quae
421 1661 496 1699 nunc
507 1652 535 1700 te
548 1647 642 1714 coquit
653 1653 681 1701 et
692 1654 781 1701 versat
791 1647 821 1700 in
832 1653 942 1714 pectore
953 1650 1017 1714 fixa,
1184 1629 1199 1681 Ῑ

331 1727 443 1794 Ecquid
454 1728 506 1781 erit
518 1729 637 1795 praemii

170 1827 264 1894 Licet
290 1825 382 1892 enim
406 1825 492 1890 mihi
516 1827 668 1893 versibus
694 1826 821 1894 eisdem
847 1827 958 1894 adfari
982 1832 1027 1912 te,
1046 1826 1173 1913 Attice,

144 1931 291 2020 equibus
308 1928 447 1996 adfatur
464 1929 694 1996 Flamininum

329 2049 382 2104 Ille
395 2050 437 2101 vir
447 2048 523 2104 haud
533 2064 634 2117 magna
646 2064 711 2105 cum
724 2063 762 2113 re,
773 2048 822 2103 sed
833 2049 931 2118 plenus
944 2048 1021 2115 fidei;

169 2170 376 2240 quamquam
393 2153 486 2216 certo
502 2149 573 2216 scio
587 2169 666 2234 non,
681 2153 721 2217 ut
739 2147 978 2233 Flamininum,

334 2267 481 2322 Sollicitari
492 2274 528 2334 te,
541 2267 610 2332 Tite,
625 2269 664 2322 sic
676 2274 823 2336 noctesque
834 2269 959 2336 dicsque;

169 2373 249 2438 novi
279 2371 371 2436 enim
398 2368 668 2435 moderationem
692 2370 796 2435 animi
821 2369 874 2434 tui
902 2370 938 2435 et
966 2369 1173 2457 aequitatem

130 2480 268 2562 reteque
289 2493 359 2539 non
382 2492 571 2559 cognomen
593 2472 703 2538 solum
724 2472 871 2539 Athenis
893 2471 1095 2558 deportasse,
1114 2475 1173 2540 sed

166 2577 415 2643 humanitatem
435 2578 470 2640 et
486 2574 703 2662 prudentiam
723 2575 895 2662 intellego.
940 2574 987 2640 Et
1003 2578 1120 2642 tamen
1136 2583 1174 2643 ῖθ

167 2680 317 2767 suspicor
345 2676 472 2743 eisdem
499 2677 600 2742 rebus
628 2677 749 2764 quibus
777 2697 833 2742 me
861 2677 974 2763 ipsum
1002 2677 1173 2744 interdum

167 2782 304 2869 gravius
319 2778 534 2860 commoveri,
545 2798 689 2866 quarum
699 2778 885 2844 consolatio
900 2782 934 2842 et
948 2778 1057 2844 maior
1071 2784 1123 2845 est
1137 2785 1172 2847 et

168 2886 205 2949 in
225 2880 318 2949 aliud
335 2886 470 2967 tempus
491 2879 687 2945 differenda.
734 2879 837 2946 Nunc
858 2884 973 2945 autem
988 2880 1100 2946 visum
1120 2887 1172 2948 θεῖ

128 3010 157 3056 ιε
167 2985 252 3052 mihi
263 2984 305 3050 de
319 2986 492 3049 senectute
503 2980 732 3068 aliquidadte
742 2982 958 3048 conscribere.
991 2982 1198 3052 Hocenima

166 3109 276 3171 onere,
293 3085 384 3175 quod
398 3084 483 3150 mihi
498 3105 676 3150 commune
690 3089 803 3151 tecum
820 3089 880 3170 est,
895 3089 955 3151 aut
969 3085 1039 3152 iam
1052 3107 1172 3175 urgen-

166 3194 211 3259 tis
228 3195 288 3258 aut
303 3193 394 3256 certe
408 3187 624 3254 adventantis
641 3187 822 3254 senectutis
839 3193 874 3254 et
889 3192 925 3254 te
943 3193 978 3254 et
995 3209 1050 3255 me
1067 3191 1172 3256 etiam

165 3301 277 3384 ipsum
297 3295 404 3359 levari
425 3292 524 3374 volo;
550 3290 614 3357 etsi
636 3296 672 3357 te
695 3290 833 3378 quidem
853 3290 889 3356 id
909 3292 1041 3358 modice
1062 3313 1102 3358 ac
1123 3314 1171 3359 sa

165 3398 298 3487 pienter
308 3397 394 3462 sicut
406 3394 521 3461 omnia
535 3398 569 3460 et
580 3393 670 3460 ferre
685 3397 720 3460 et
734 3393 884 3460 laturum
898 3415 969 3460 esse
983 3400 1076 3460 certo
1090 3395 1168 3463 soie.

126 3524 158 3572 ao
168 3502 234 3568 Sed
247 3498 342 3581 mihi,
355 3518 432 3562 cum
446 3497 489 3562 de
503 3500 675 3563 senectute
688 3495 812 3562 vellem
825 3496 954 3583 aliquid
968 3496 1120 3579 scribere,
1130 3502 1170 3563 tu

166 3602 363 3672 occurrebas
384 3600 507 3687 dignus
529 3619 569 3664 eo
592 3619 740 3681 munere,
758 3619 827 3686 quo
851 3603 993 3685 uterque
1015 3602 1171 3666 nostrum
1277 3631 1281 3641 ·
