2684 4186
457 300 539 355 car.
555 300 596 364 15,
613 300 653 355 rc.
689 300 880 370 §crocco
1133 307 1175 369 23

171 452 340 541 pampinis
356 471 419 519 nee
434 452 568 519 modico
587 456 706 540 tepore
724 456 816 519 caret
833 456 869 518 et
885 451 1008 520 nimios
1024 452 1105 520 solis
1121 453 1175 520 de-

162 555 283 622 ·fendit
311 554 456 621 ardores.
503 555 580 634 Qua
604 554 687 643 quid
715 557 828 642 potest
857 575 928 621 esse
955 575 1033 621 oum
1060 556 1175 622 fructu

172 657 301 742 laetius,
321 660 397 722 tum
419 661 558 745 aspectu
583 656 776 745 pulchriust
820 656 923 723 Cuius
946 658 1083 746 quidem
1104 678 1176 725 non

171 759 301 825 utilitas
322 780 378 825 me
396 760 515 843 solum,
529 763 570 825 ut
588 763 669 825 ante
690 758 771 842 dixi,
787 759 847 825 sed
865 759 969 825 etiam
989 760 1123 826 cultura
1139 764 1175 826 et

147 866 295 930 cnatura
311 863 385 949 ipsa
398 862 553 945 delectat,
568 861 850 927 adminiculorum
866 861 1011 945 ordines,
1025 862 1176 949 capitum

170 964 312 1051 iugatio,
326 963 485 1053 religatio
503 967 539 1031 et
560 963 762 1052 propagatio
781 963 912 1047 vitium,
928 969 1176 1030 sarmentorum

170 1087 220 1150 ea,
239 1087 342 1155 quam
363 1066 443 1150 dixi,
462 1066 607 1132 aliorum
628 1066 826 1153 amputatio,
847 1066 992 1132 aliorum
1013 1066 1173 1133 inmissio.

170 1169 262 1248 Quid
283 1190 348 1257 ego
368 1170 591 1257 irrigationes,
610 1169 693 1256 qnid
713 1168 877 1235 fossiones
898 1169 973 1257 agri
993 1169 1175 1256 repastina

168 1273 344 1360 tionesque
361 1271 541 1360 proferam,
553 1272 675 1361 quibus
688 1271 732 1337 fit
745 1272 855 1364 multo
869 1275 961 1338 terra
977 1271 1174 1338 fecundiori

130 1375 251 1463 mquid
267 1375 310 1441 de
326 1374 476 1440 utilitate
492 1373 612 1462 loquar
628 1374 857 1440 stercorandit
878 1373 950 1438 dixi
966 1373 1003 1438 in
1018 1394 1059 1440 eo
1075 1374 1172 1460 libro,
1182 1387 1221 1442 54

169 1498 270 1565 quem
287 1477 329 1543 de
346 1477 446 1542 rebus
463 1476 596 1542 rusticis
616 1476 752 1564 scripsi3
775 1477 817 1542 de
834 1496 902 1564 qua
918 1475 1038 1542 doctus
1056 1476 1174 1543 Hesio

169 1580 231 1645 dus
245 1601 288 1646 ne
303 1579 443 1646 verbum
457 1578 595 1665 quidem
608 1578 701 1661 fecit,
714 1598 792 1644 oum
805 1579 847 1644 de
861 1579 995 1644 cultura
1009 1578 1084 1666 agri
1097 1579 1174 1645 scri-

168 1681 273 1747 beret.
317 1681 368 1745 At
382 1680 562 1762 Homerus,
574 1679 633 1767 qui
646 1680 773 1763 multis,
785 1684 825 1746 ut
837 1681 923 1745 mihi
938 1679 1082 1766 videtur,
1093 1686 1174 1748 ante

169 1782 310 1849 saeculis
337 1782 415 1862 fuit,
442 1780 601 1846 Laertam
630 1781 815 1847 lenientem
843 1781 1056 1866 desiderium,
1082 1784 1174 1870 quod

130 1905 160 1952 rs
170 1884 323 1972 capiebat
338 1903 358 1948 e
371 1882 454 1966 filio,
466 1882 635 1948 colentem
651 1903 773 1970 agrum
786 1887 821 1949 et
836 1905 914 1949 eum
931 1888 1174 1951 stercorantem

169 1987 262 2054 facit.
306 1985 343 2052 N
342 2007 381 2052 ec
394 2005 475 2051 vero
489 1985 658 2071 segetibus
673 1984 783 2051 solum
797 1989 833 2051 et
846 1985 953 2073 pratis
967 1991 1002 2051 ot
1016 1985 1123 2052 vineis
1138 1991 1175 2053 et

168 2089 313 2156 arbustis
334 2109 388 2154 res
408 2087 553 2153 rusticae
574 2087 683 2153 laetae
703 2088 867 2171 suntsed
885 2087 994 2154 hortis
1016 2088 1120 2154 etiam
1138 2093 1174 2155 et

168 2192 338 2281 pomariis
350 2196 425 2256 tum
442 2190 609 2278 pecudum
625 2195 735 2277 pastu,
748 2190 863 2278 apium
881 2190 1100 2275 examinibus,
1116 2191 1173 2258 flo

168 2317 244 2361 rum
268 2295 421 2361 omnium
445 2294 619 2359 varietate.
666 2293 741 2359 Nec
765 2294 968 2360 consitiones
992 2293 1095 2360 modo
1119 2294 1173 2360 de

128 2399 304 2481 aolectant,
320 2398 378 2464 sed
396 2396 500 2463 etiam
514 2395 697 2480 insitiones
713 2396 833 2483 quibus
850 2395 937 2461 nihil
951 2395 1081 2462 inuenit
1098 2396 1173 2484 agri

168 2503 300 2568 cultura
313 2500 491 2567 sollertius.
528 2499 672 2565 Possum
681 2499 835 2587 persequi
849 2499 1019 2587 permulta
1029 2499 1173 2565 oblecta
1181 2476 1225 2619 ἐξ

167 2609 283 2671 menta
306 2624 421 2669 rerum
444 2601 655 2684 rusticarum,
678 2602 738 2668 sed
762 2601 845 2667 haec
874 2601 956 2688 ipsa,
978 2621 1066 2688 quae
1090 2601 1171 2685 dixi,

167 2707 277 2773 sentio
301 2705 406 2771 fuisse
434 2704 598 2790 longiora
650 2703 838 2790 Ignoscetis
866 2707 1002 2785 autem3
1030 2723 1113 2768 nam
1137 2708 1174 2770 et

167 2808 281 2874 studio
301 2807 504 2873 rusticarum
524 2826 638 2871 rerum
658 2810 837 2891 provectus
859 2824 943 2886 sum,
964 2807 998 2869 et
1020 2809 1173 2871 senectus

127 2927 159 2974 ro
168 2914 220 2976 est
233 2914 357 2974 natura
372 2907 555 2995 loquacior,
571 2928 614 2973 ne
628 2907 672 2972 ab
686 2907 842 2972 omnibus
860 2927 936 2971 eam
949 2906 1042 2972 vitiis
1056 2906 1173 2974 videar

168 3011 348 3078 vindicare.
399 3009 493 3096 Ergo
520 3008 559 3073 in
586 3008 651 3074 hac
679 3008 752 3074 vita
782 3007 840 3074 Μ’.
868 3007 998 3092 Curius,
1024 3029 1102 3075 oum
1129 3010 1173 3077 de

168 3113 386 3194 Samnitibus,
402 3112 444 3178 de
462 3110 604 3194 Sabinis,
620 3111 663 3177 de
680 3109 815 3198 Pyrrho
831 3109 1081 3199 triumphasset,
1097 3134 1172 3179 con·

166 3216 310 3305 sumpsit
339 3220 528 3283 extremum
555 3218 690 3302 tempus
718 3214 850 3280 aetatis,
902 3213 1006 3280 Cuius
1034 3215 1171 3303 quidem

166 3341 231 3408 ego
245 3319 363 3386 villam
379 3316 612 3405 contemplans
629 3315 738 3402 (abest
756 3316 846 3384 enim
863 3336 933 3382 non
949 3316 1051 3404 longe
1068 3340 1090 3384 a
1102 3321 1170 3407 me)

126 3422 326 3491 acadmirari
348 3421 430 3487 satis
450 3441 520 3486 non
542 3441 678 3508 possum
699 3419 755 3487 vel
774 3418 921 3486 hominis
941 3419 1046 3506 ipsius
1067 3422 1172 3487 conti-

166 3525 318 3590 nentiam
331 3523 387 3589 vel
402 3527 595 3609 temporum
609 3522 829 3609 disciplinam.
874 3520 978 3587 Curio
994 3521 1039 3586 ad
1055 3522 1171 3589 focum
1182 3525 1248 3608 (56)

166 3626 295 3694 sedenti
306 3645 468 3712 magnum
477 3623 550 3691 auri
561 3625 692 3711 pondus
702 3623 869 3690 Samnites
880 3644 957 3689 oum
967 3623 1169 3710 attulissent,
