2684 4186
174 329 216 392 63
452 319 614 377 carmus
635 319 689 374 nn
710 319 896 376 amoma

173 481 225 544 est
248 496 350 558 error,
371 473 429 564 qui
452 472 660 540 existumant
684 471 876 538 lubidinum
898 476 1180 562 peccatorumque

172 579 325 646 omnium
338 584 456 667 patere
470 577 507 642 in
517 576 668 642 amicitia
681 575 869 659 licentiam3
886 576 1054 643 virtutum
1068 577 1180 643 amici·

172 682 223 749 tia
236 681 385 748 adiutrix
399 701 420 746 a
433 683 557 746 natura
571 679 653 745 data
663 683 724 763 est,
736 699 806 744 non
821 678 982 745 vitiorum
996 701 1116 764 comes,
1128 685 1177 764 ut,

172 785 333 874 quoniam
346 782 498 850 solitaria
511 803 581 847 non
591 787 705 869 posset
715 780 824 848 virtus
835 781 880 846 ad
890 802 939 866 ea,
947 802 1033 869 quae
1047 802 1180 848 summa

172 891 262 971 sunt,
281 886 467 976 pervenire,
487 885 668 951 coniuncta
692 888 728 950 et
753 883 945 950 consociata
969 905 1047 950 cum
1071 885 1179 951 altera
1204 906 1220 951 s

172 989 372 1078 perveniret.
418 989 512 1067 Quas
534 988 563 1055 si
584 1007 669 1080 quos
689 987 780 1053 inter
801 986 943 1053 societas
964 991 1024 1052 aut
1045 991 1097 1053 est
1118 992 1178 1054 aut

171 1092 240 1158 fuit
257 1096 317 1159 aut
338 1092 457 1158 futura
473 1095 534 1174 est,
550 1111 668 1157 eorum
685 1094 737 1156 est
756 1089 931 1156 habendus
947 1090 992 1157 ad
1008 1111 1178 1156 summum

171 1199 314 1262 naturae
337 1195 464 1261 bonum
492 1194 652 1282 optumus
680 1192 957 1281 beatissimusque
985 1193 1176 1260 comitatus.

125 1304 163 1360 84
173 1296 268 1364 Haec
285 1302 347 1380 est,
362 1297 509 1383 inquam,
524 1295 677 1379 societas,
688 1295 725 1360 in
739 1316 807 1383 qua
822 1296 938 1361 omnia
953 1295 1079 1380 insunt,
1090 1316 1177 1385 quas

171 1403 295 1487 putant
312 1399 467 1464 homines
484 1397 682 1485 expetenda,
698 1397 866 1481 honestas,
882 1396 1001 1486 gloria,
1015 1398 1178 1485 tranquil·
1188 1418 1220 1466 ro

171 1501 250 1567 litas
271 1500 376 1567 animi
397 1505 499 1588 atque
520 1500 720 1583 iucunditas,
736 1505 776 1566 ut
793 1504 838 1584 et,
853 1521 931 1566 cum
947 1501 1032 1567 haec
1052 1501 1176 1586 adsint,

171 1604 273 1670 beata
285 1603 359 1670 vita
376 1603 421 1670 sit
435 1608 471 1669 et
488 1603 560 1670 sine
577 1603 630 1670 his
647 1624 719 1670 esse
735 1625 805 1670 non
821 1603 937 1691 possit.
983 1603 1083 1684 Quod
1099 1625 1178 1670 cum

172 1712 351 1796 optumum
375 1727 639 1794 maxumumque
661 1707 716 1790 sit,
737 1707 766 1772 si
788 1707 824 1771 id
845 1705 1001 1773 volumus
1026 1706 1176 1796 adipisci,

171 1811 292 1877 virtuti
305 1831 408 1899 opera
421 1809 534 1876 danda
547 1815 608 1894 est,
620 1810 693 1876 sine
707 1830 773 1897 qua
789 1830 852 1876 nec
869 1810 1055 1876 amicitiam
1068 1830 1178 1898 neque

171 1913 278 1995 ullam
297 1935 370 1980 rem
392 1912 616 2002 expetendam
637 1912 796 2000 consequi
817 1933 1012 2000 possumus3
1037 1932 1079 1979 ea
1095 1930 1219 1980 verors

171 2017 328 2105 neglecta
350 2017 409 2104 qui
434 2037 470 2083 se
494 2015 620 2082 amicos
648 2014 773 2082 habere
801 2014 1019 2099 arbitrantur,
1041 2020 1118 2081 tum
1141 2036 1179 2082 sc

171 2117 314 2205 denique
328 2139 455 2185 errasse
469 2117 629 2201 sentiunt,
644 2137 722 2182 cum
739 2137 796 2183 eos
812 2117 927 2205 gravis
944 2116 1065 2205 aliquis
1081 2137 1179 2185 casus

125 2232 162 2286 85
172 2220 317 2307 experiri
332 2220 433 2307 cogit.
471 2219 636 2298 Quocirca
649 2219 841 2304 (dicendum
855 2223 906 2286 est
917 2219 1009 2285 enim
1021 2219 1177 2309 saepius),

173 2342 251 2388 cum
274 2321 441 2405 iudicaris,
464 2322 606 2410 diligere
635 2326 779 2409 oportet,
802 2342 881 2405 non,
905 2343 982 2388 cum
1010 2322 1177 2407 dilexeris,

172 2423 328 2490 iudicare.
367 2423 434 2490 Sed
448 2444 525 2489 cum
539 2423 657 2490 multis
671 2423 708 2489 in
718 2424 818 2491 rebus
833 2423 1049 2513 neglegentia
1061 2424 1179 2513 plecti·
1187 2446 1221 2494 ao

172 2547 258 2610 mur,
269 2530 344 2593 tum
357 2526 505 2593 maxime
522 2526 560 2592 in
577 2526 694 2593 amicis
709 2531 744 2593 et
759 2527 940 2615 diligendis
957 2532 993 2594 et
1010 2527 1178 2613 colendis3

172 2629 396 2718 praeposteris
424 2629 516 2696 enim
543 2629 674 2695 utimur
702 2629 850 2696 consiliis
874 2634 910 2696 et
934 2634 1011 2697 acta
1034 2630 1177 2720 agimus,

172 2734 264 2822 quod
277 2737 432 2800 vetamur
445 2738 559 2800 vetere
572 2732 760 2820 proverbio.
800 2732 894 2798 Nam
907 2731 1072 2821 implicati
1085 2733 1179 2801 ultro

172 2842 208 2904 et
225 2837 312 2904 citro
326 2836 380 2904 vel
396 2857 460 2903 usu
477 2836 638 2903 diuturno
654 2835 710 2903 vel
727 2834 833 2901 etiam
850 2834 969 2902 officiis
986 2839 1125 2924 repente
1140 2835 1180 2902 in

172 2940 285 3006 medio
307 2960 406 3006 cursu
432 2939 598 3006 amicitias
623 2942 744 3006 exorta
768 2937 883 3025 aliqua
907 2937 1094 3005 offensione
1115 2938 1222 3008 dis-rs

172 3042 369 3130 rumpimus

119 3120 163 3189 ²³
217 3144 293 3223 Quo
312 3144 417 3210 etiam
436 3143 546 3259 magis
568 3143 792 3231 vituperanda
813 3147 864 3209 est
885 3141 935 3209 rei
956 3142 1181 3211 maximone

126 3211 163 3264 86
173 3246 336 3312 cessariae
362 3246 494 3311 tanta
484 3245 622 3311 mcuria.
670 3245 750 3311 Una
775 3250 827 3311 est
852 3245 944 3311 enim
968 3245 1181 3313 amicitiam

173 3348 272 3414 rebus
289 3347 454 3430 humanis,
471 3347 514 3413 de
531 3347 624 3414 cuius
642 3354 680 3415 ut
665 3349 792 3415 tilitate
809 3368 926 3415 omnes
942 3369 1012 3416 uno
1029 3370 1088 3416 ore
1104 3369 1181 3417 con-

173 3449 333 3516 sentiunt.
368 3449 737 3538 Quamquamamultis
748 3451 941 3540 virtusipsa
950 3451 1224 3520 contemniturao

173 3556 209 3618 et
226 3551 414 3618 venditatio
434 3553 600 3642 quaedam
621 3560 723 3643 atque
744 3555 931 3622 ostentatio
948 3575 1020 3623 esse
1036 3555 1182 3639 dicitur;

173 3655 274 3722 multi
289 3655 426 3723 divitias
440 3657 639 3746 despiciunt,
651 3678 735 3746 quos
749 3679 855 3747 parvo
873 3662 1053 3727 contentos
1069 3658 1183 3727 tenuis
