2684 4186
177 344 219 406 28
390 337 489 392 cavo
511 336 637 391 1111011
658 335 712 390 nn
734 322 963 391 sannorum

176 489 285 555 altero
302 486 461 555 comitas!
506 486 562 554 Sic
575 506 611 554 se
625 506 679 554 res
695 487 816 554 habet:
838 491 877 552 ut
892 485 983 553 enim
996 505 1067 553 non
1080 503 1184 553 omne

176 591 303 675 vinmn,
315 592 363 656 sic
376 611 446 657 non
460 590 569 657 omnis
587 594 710 656 natura
722 592 892 656 vetustate
909 589 1082 656 coacescit.
1127 588 1184 655 Se-

176 693 357 760 veritatem
383 694 421 758 in
449 696 622 760 senectute
649 692 766 778 probo,
792 691 851 757 sed
879 711 964 773 eam
988 691 1075 757 sicut
1103 689 1181 774 alia,

128 810 166 864 66
175 795 352 878 modicam,
368 795 588 862 acerbitatem
604 793 699 859 nullo
712 793 823 860 modo.
867 792 1026 859 Avaritia
1039 813 1120 861 vero
1134 812 1183 859 se

176 897 254 962 nilis
271 898 353 985 quid
372 898 435 964 sibi
453 897 546 980 velit,
562 916 633 961 non
648 895 830 984 intelleg03
850 898 964 983 potest
983 895 1075 961 enim
1091 894 1183 983 quic-
1208 914 1224 960 a

176 1019 279 1086 quam
296 1020 367 1065 esse
383 999 559 1066 absurdius
576 1016 688 1085 quam,
705 1017 773 1084 quo
789 997 865 1064 viae
880 996 993 1064 minus
1008 1001 1123 1082 restet,
1139 1018 1183 1065 eo

177 1101 253 1189 plus
266 1101 382 1167 viatici
397 1100 577 1188 quaereret

123 1192 167 1270 19
221 1203 351 1282 Quarta
376 1206 483 1268 restat
508 1221 616 1286 causa,
639 1222 725 1289 quaa
753 1202 901 1269 maxime
928 1222 1053 1291 angere
1077 1206 1183 1291 atque

177 1305 357 1370 sollicitam
373 1303 497 1369 habere
513 1307 666 1369 nostram
683 1307 831 1370 aetatem
844 1304 988 1389 videtur,
1004 1304 1184 1393 adpropin-

176 1406 294 1492 quatio
310 1405 440 1488 mortis,
456 1425 543 1492 quae
560 1410 651 1471 certe
668 1425 689 1472 a
706 1412 878 1474 senectute
895 1428 966 1474 non
981 1411 1094 1496 potest
1111 1424 1227 1476 essem

176 1507 287 1594 longe.
325 1506 526 1572 Omiseram
538 1527 661 1592 senem,
671 1509 730 1596 qui
740 1514 887 1576 mortem
900 1510 1184 1577 contemnendam

177 1627 247 1674 esse
260 1607 298 1671 in
310 1611 384 1673 tam
400 1607 506 1694 longa
522 1611 634 1675 aetate
650 1627 722 1675 non
735 1608 877 1677 videritl
900 1630 987 1698 quae
1004 1613 1064 1676 aut
1079 1609 1184 1697 plane

176 1709 387 1797 neglegenda
395 1713 456 1793 est,
465 1710 493 1776 si
502 1709 639 1777 omnino
648 1711 835 1800 exstinguit
843 1711 1069 1796 animumaut
1077 1711 1185 1779 etiam

177 1811 335 1900 optanda,
351 1812 380 1877 si
397 1812 511 1900 aliquo
533 1832 611 1879 eum
627 1812 773 1897 deducit,
788 1814 846 1879 ubi
864 1815 909 1880 sit
926 1814 1061 1881 futurus
1077 1817 1184 1882 aeter-

129 1919 259 1998 67nus3
281 1914 378 2003 atqui
398 1915 539 1980 tertium
561 1919 652 1981 certe
673 1916 760 1981 nihil
780 1916 924 1983 inveniri
945 1920 1077 2005 potest;
1099 1915 1229 2004 quidm

176 2017 283 2104 igitur
298 2018 448 2099 timeam,
460 2017 488 2082 si
503 2020 647 2082 autnon
660 2018 763 2084 miser
779 2022 856 2104 post
870 2022 1017 2084 mortem
1030 2022 1090 2085 aut
1107 2018 1184 2086 bea-

176 2123 232 2183 tus
257 2118 360 2184 etiam
389 2119 525 2184 futurus
550 2119 648 2184 sumt
696 2118 909 2204 Quamquam
933 2120 1008 2206 quis
1033 2124 1085 2186 est
1108 2124 1185 2188 tam

177 2218 310 2301 stultus,
327 2219 481 2306 quamvis
500 2218 545 2284 sit
562 2218 766 2302 adulescens,
782 2218 836 2284 cui
853 2219 898 2285 sit
915 2220 1129 2307 exploratum
1146 2243 1184 2291 se

176 2320 221 2386 ad
241 2341 420 2408 vesperum
441 2340 512 2387 esse
532 2320 726 2387 victurumt
770 2320 862 2399 Quin
883 2321 987 2387 etiam
1008 2320 1101 2389 aetas
1122 2324 1186 2394 illa

60 2413 63 2421 ’
174 2422 284 2488 multo
298 2422 411 2510 plures
422 2442 524 2510 quam
537 2425 655 2487 nostra
669 2442 764 2489 casus
778 2422 897 2489 mortis
911 2423 1032 2509 habet,
1048 2424 1185 2495 facilius
1193 2452 1232 2503 so

175 2525 212 2590 in
234 2525 370 2592 morbos
392 2523 547 2591 incidunt
570 2523 808 2610 adulescentes,
828 2527 966 2615 gravim
990 2533 1184 2617 aegrotant,

175 2627 307 2695 tristius
329 2631 499 2694 curantur.
544 2626 666 2715 Itaque
686 2628 786 2715 pauci
806 2629 947 2697 veniunt
969 2631 1013 2696 ad
1034 2635 1185 2700 senectu-

176 2736 268 2815 tem3
300 2730 392 2820 quod
419 2731 454 2796 ni
484 2730 534 2797 ita
565 2730 740 2814 accideret,
765 2730 885 2798 melius
916 2738 951 2799 et
982 2734 1183 2820 prudentius

175 2835 355 2902 viveretur.
392 2833 490 2900 Mens
504 2831 595 2900 enim
609 2837 645 2900 et
659 2834 747 2900 ratio
761 2837 796 2900 et
810 2835 986 2901 consilium
999 2837 1036 2902 in
1047 2835 1184 2904 senibus

176 2942 246 3022 est3
268 2939 326 3024 qui
341 2938 370 3004 si
384 2937 469 3002 nulli
483 2937 636 3020 fuissent,
648 2937 762 3004 nullae
775 2937 913 3004 omnino
930 2939 1084 3005 civitates
1100 2937 1183 3006 fuis-
1192 2960 1228 3011 as

174 3043 260 3106 sent.
308 3039 374 3105 Sed
403 3040 504 3105 redeo
532 3039 578 3104 ad
605 3042 752 3105 mortem
782 3039 1031 3127 inpendentem.
1079 3040 1182 3118 Quod

176 3140 259 3205 est
236 3142 294 3229 ist
279 3139 342 3204 tud
364 3139 492 3206 crimen
512 3140 703 3223 senectutis,
723 3161 801 3206 cum
822 3140 859 3204 id
882 3140 914 3205 ei
935 3140 1078 3206 videatis
1101 3162 1183 3211 cum

129 3214 403 3312 coadulescentia
430 3260 513 3312 esse
529 3242 730 3306 oommunel
777 3240 872 3306 Sensi
897 3260 962 3326 ego
986 3240 1023 3304 in
1047 3242 1183 3329 optimo

177 3342 258 3424 filio,
269 3342 356 3406 tum
367 3340 568 3427 exspectatis
582 3341 626 3406 ad
640 3341 882 3457 amplissimam
896 3341 1100 3428 dignitatem
1112 3344 1182 3414 fra-

176 3444 294 3526 tribus,
314 3443 436 3530 Scipio,
453 3446 599 3508 mortem
621 3444 713 3508 omni
735 3442 841 3509 aetati
862 3463 933 3509 esse
953 3465 1178 3538 communem.
1189 3476 1225 3525 80

177 3547 227 3612 At
249 3550 362 3633 sperat
384 3545 577 3612 adulescens
598 3544 657 3610 diu
679 3565 715 3611 se
735 3546 914 3629 victurum,
932 3548 1023 3634 quod
1043 3569 1180 3637 sperare

176 3648 267 3716 idem
292 3669 393 3716 senex
421 3670 490 3715 non
518 3651 638 3737 potest.
687 3647 890 3737 Insipienter
917 3656 1038 3738 sperat.
1086 3652 1180 3732 Quid
