2714 4216
520 282 602 338 car.
616 284 673 338 cs.
709 283 830 351 saa-aa
1137 289 1181 356 47
1297 237 1299 240 ⁵

175 435 312 524 aliquod
321 434 471 502 officium
481 434 613 502 exstitit
625 433 725 500 amici
735 434 773 501 in
782 434 939 523 periculis
950 440 1010 503 aut
1018 437 1181 505 adeundis

175 543 235 604 aut
250 537 547 621 communicandis,
559 537 634 626 quis
649 541 710 620 est,
722 537 781 624 qui
794 537 832 603 id
845 558 914 604 non
930 540 1087 606 maximis
1104 541 1182 607 effe

175 645 231 706 rat
258 638 436 706 laudibusl
487 639 555 718 Qui
584 639 746 705 clamores
774 643 850 705 tota
878 660 982 707 cavea
1009 662 1117 729 nuper
1143 643 1182 708 in

175 741 320 829 hospitis
343 746 378 807 et
401 740 501 808 amici
523 741 590 806 mei
614 739 662 806 M.
682 739 810 807 Pacuvi
832 761 922 808 nova
944 742 1078 809 fabulal
1104 764 1182 809 cum

152 844 356 933 signorante
369 864 459 933 rege,
471 848 547 910 uter
562 843 698 910 Orestes
712 851 798 927 esset,
808 843 961 930 Pylades
975 843 1132 911 Orestem
1145 867 1181 912 se

176 967 247 1012 csse
257 946 393 1030 diceret,
403 950 443 1013 ut
453 967 516 1035 pro
527 947 587 1014 illo
601 950 786 1030 necaretur,
797 944 934 1012 Orestes
949 950 1073 1030 autem,
1082 947 1133 1012 ita
1142 952 1182 1014 ut

176 1052 259 1131 erat,
267 1047 421 1114 Orestem
429 1070 465 1115 se
473 1069 544 1115 esse
554 1051 792 1136 perseveraret.
827 1048 963 1115 Stantes
973 1047 1181 1136 plaudebant

176 1150 213 1215 in
229 1171 266 1217 re
282 1151 385 1236 ficta,
410 1151 493 1239 quid
511 1150 716 1218 arbitramur
732 1151 770 1216 in
786 1171 867 1217 vera
884 1151 1035 1218 facturos
1053 1151 1181 1218 fuisset

176 1251 289 1318 Facile
306 1253 478 1320 indicabat
495 1253 568 1341 ipsa
585 1258 708 1320 natura
720 1253 793 1320 'vim
809 1274 914 1338 suam,
926 1275 1004 1320 cum
1017 1254 1180 1339 homines,

137 1376 168 1423 10
176 1354 266 1443 quod
287 1354 399 1422 facere
419 1353 485 1443 ipsi
502 1376 571 1422 non
587 1359 736 1444 possent,
751 1355 789 1420 id
805 1359 897 1423 recte
918 1356 993 1423 fieri
1014 1357 1052 1422 in
1072 1356 1181 1423 altero

176 1456 372 1524 iudicarent.

217 1558 393 1625 Hactenus
418 1557 504 1625 mihi
526 1558 644 1626 videor
670 1560 713 1625 de
738 1560 889 1626 amicitia
911 1561 993 1648 quid
1018 1562 1180 1629 sentirem

174 1662 324 1749 potuisse
345 1661 474 1744 dicere;
496 1660 608 1749 siqua
629 1666 808 1749 praeterea
828 1668 908 1729 sunt
929 1663 1043 1748 (credo
1064 1672 1180 1731 autem

176 1786 248 1833 esse
272 1765 403 1852 multa),
426 1763 471 1830 ab
493 1764 545 1848 iis,
564 1767 595 1831 si
616 1766 797 1850 videbitur,
818 1770 877 1854 qui
902 1771 969 1834 ista
994 1769 1178 1857 disputant,

136 1886 166 1934 15
175 1868 373 1956 quaeritote.

34 1976 39 1989 ’
219 1967 380 2038 Esnmus.
403 1968 477 2036 Nos
491 1968 836 2061 autematepotius;
857 1992 1063 2060 quamquam
1076 1972 1180 2038 etiam
1190 1987 1226 2038 25

175 2073 219 2139 ab
233 2072 307 2139 istis
321 2090 419 2160 saepe
434 2072 585 2160 quaesivi
600 2078 636 2139 et
650 2073 765 2140 audivi
779 2095 849 2140 non
862 2075 990 2141 invitus
1007 2074 1180 2163 equidem3

175 2176 234 2242 sed
246 2174 340 2242 aliud
353 2175 524 2264 quoddam
538 2175 636 2241 filum
649 2177 813 2243 orationis
827 2181 915 2244 tuae.

219 2277 403 2346 Soanvom.
434 2277 523 2345 Tum
543 2279 654 2368 magis
675 2279 712 2344 id
731 2279 867 2364 diceres,
883 2279 1003 2364 Fanni,
1022 2280 1051 2347 si
1072 2301 1181 2369 nuper

134 2379 211 2446 acin
224 2379 333 2447 hortis
351 2378 526 2469 Scipionis,
539 2401 617 2448 cum
631 2387 683 2449 est
697 2382 791 2449 dere
808 2383 943 2471 publica
959 2382 1178 2471 disputatum,

175 2481 346 2550 adfmsses.
392 2484 510 2562 Qualis
528 2490 603 2549 tum
621 2489 785 2573 patronus
806 2486 957 2552 iustitiae
975 2485 1044 2551 fuit
1060 2489 1181 2552 contra

174 2592 366 2653 accuratam
379 2587 568 2652 orationem
583 2586 694 2653 Phili!

217 2685 378 2753 Fannms.
401 2686 514 2753 Facrle
528 2687 564 2752 id
578 2688 715 2774 quidem
728 2688 805 2773 fuit,
817 2689 983 2755 iustitiam
996 2688 1180 2754 iustissimo

174 2788 249 2854 viro
263 2788 452 2854 defendere.

134 2907 165 2955 as
219 2889 403 2956 Scaevom.
434 2889 549 2968 Quidl
579 2890 766 2957 amicitiam
794 2910 907 2956 norme
931 2889 1033 2956 facile
1058 2891 1099 2973 ei,
1122 2890 1180 2978 qui

174 2991 313 3058 obeam
331 3011 463 3057 summa
483 2991 561 3075 fide,
581 2992 773 3059 constantia
793 2992 990 3080 iustitiaque
1011 2996 1181 3059 servatam

174 3113 370 3159 maxumam
383 3094 529 3181 gloriam
544 3095 692 3181 ceperitl

217 3198 372 3263 Lamnus.
396 3197 480 3264 Vim
494 3197 559 3263 hcc
573 3197 711 3285 quidem
728 3203 779 3265 est
796 3197 938 3264 adferre.
984 3196 1075 3276 Qud
1089 3197 1209 3264 enimd

174 3299 289 3383 refert,
301 3320 368 3388 qua
380 3319 436 3366 me
450 3300 583 3367 ratione
597 3301 747 3388 cogatisl
769 3300 891 3388 cogitis
906 3304 1005 3367 certe.
1052 3299 1179 3367 Studiis
1189 3289 1226 3342 2⁶

135 3423 167 3470 ao
175 3403 266 3468 enim
282 3423 494 3491 generorum,
510 3405 709 3491 praesertim
726 3405 763 3469 in
779 3425 817 3469 re
834 3404 933 3487 bona,
948 3424 1027 3472 cum
1043 3403 1180 3470 difficile

175 3509 236 3588 est,
248 3509 323 3571 tum
337 3526 381 3571 ne
395 3526 539 3593 aequum
553 3506 689 3594 quidem
703 3507 875 3573 obsistere.

219 3608 418 3696 Saepissime
429 3609 536 3699 igitur
546 3609 630 3676 mihi
641 3609 684 3678 de
694 3609 844 3678 amicitia
854 3608 1020 3699 cogitanti
1031 3606 1178 3688 maxime
