2684 4186
177 327 221 390 14
391 321 491 377 ΟΑΤΟ
512 321 638 375 MAIOR
658 321 712 375 ΒΕ
734 320 964 377 sannorum

175 475 288 541 minus
305 473 364 540 diu
381 494 495 541 senem
512 493 583 540 esse
598 473 737 540 mallem
753 494 856 562 quam
873 495 944 540 esse
960 494 1084 558 senem,
1100 477 1180 540 ante

176 598 404 666 quamessem.
439 575 561 665 Itaque
570 596 670 642 nemo
680 575 791 642 adhue
805 577 983 643 convenire
993 598 1049 642 me
1059 577 1178 660 voluit,

129 694 166 746 33
177 681 230 746 oui
247 680 371 746 inerim
388 682 578 766 oeeupatus.
622 676 674 743 At
687 678 799 744 minus
816 677 925 744 habeo
938 679 1063 745 virium
1077 699 1180 767 quam

176 788 327 850 vestrum
347 781 484 847 utervis.
528 780 584 847 Ne
600 801 661 847 vos
680 780 817 868 quidem
835 781 873 846 T.
889 781 994 847 Ponti
1016 781 1180 848 centurio

176 886 229 952 nis
245 886 333 953 vires
354 884 506 967 habetis3
531 904 614 948 num
635 883 760 949 ideireo
782 887 833 949 est
854 884 912 950 ille
933 884 1178 970 praestantior?
1204 904 1219 950 s

176 988 368 1054 Moderatio
389 986 493 1052 modo
515 986 640 1052 virium
663 986 762 1070 adsit,
785 990 820 1052 et
844 990 989 1070 tanturn,
1012 993 1179 1073 quantum

175 1095 289 1179 potest
308 1090 457 1178 quisque,
472 1089 621 1172 nitatur3
643 1109 687 1154 ne
702 1087 761 1154 ille
780 1108 849 1154 non
868 1109 994 1176 magno
1013 1088 1178 1155 desiderio

175 1193 347 1259 tenebitur
371 1191 503 1257 virium.
549 1191 730 1278 Olympiae
753 1211 814 1278 per
838 1191 986 1257 stadium
1010 1191 1179 1278 ingressus

146 1337 148 1341 «
176 1316 247 1362 esse
275 1294 361 1360 Milo
390 1293 522 1376 dieitur,
552 1313 630 1358 oum
661 1293 809 1360 humeris
838 1294 1017 1360 sustineret
1046 1295 1177 1360 bovem.

161 1375 303 1497 [Utrum
319 1395 425 1482 igitur
445 1394 508 1461 has
529 1394 677 1482 corporis
698 1415 745 1460 an
760 1395 980 1484 Pythagorae
1000 1396 1065 1462 tibi
1081 1396 1220 1463 molisio

176 1498 264 1564 vires
289 1497 417 1584 ingenii
441 1467 553 1601 daie)
585 1497 741 1586 Denique
765 1498 831 1565 isto
857 1500 947 1565 bono
971 1503 1077 1582 utare,
1097 1498 1180 1564 dum

176 1600 274 1683 adsit,
293 1620 370 1665 oum
391 1599 489 1683 absit,
507 1620 550 1666 ne
571 1599 730 1688 requiras,
750 1601 816 1667 nisi
838 1601 929 1667 forte
951 1601 1180 1667 adulescentes

175 1703 366 1792 pueritiam,
388 1701 565 1791 paululum
588 1707 702 1770 aetate
725 1704 894 1792 progressi
917 1703 1180 1770 adulescentiam

176 1807 300 1873 debent
314 1806 491 1894 requirere.
531 1805 655 1873 Cursus
669 1811 721 1873 est
736 1812 846 1874 certus
860 1807 983 1873 aetatis
997 1811 1032 1873 et
1045 1827 1115 1872 una
1124 1806 1181 1872 via

176 1914 326 1990 naturae,
349 1930 454 1997 eaque
479 1909 631 1997 simplerr,
654 1930 781 1999 suaque
804 1910 924 1998 cuique
945 1910 1037 1997 parti
1059 1908 1181 1976 aetatis
1191 1927 1220 1974 ie

176 2012 422 2100 tempestivitas
444 2015 496 2077 est
517 2013 608 2094 data,
625 2015 666 2076 ut
687 2017 722 2077 et
743 2012 924 2077 infirmitas
945 2031 1126 2099 puerorum
1145 2016 1180 2077 et

175 2115 336 2180 ferocitas
356 2114 517 2180 iuvenum
535 2119 570 2179 et
591 2114 742 2200 gravitas
762 2113 833 2178 iam
851 2114 1038 2178 constantis
1059 2114 1181 2180 aetatis

176 2223 211 2282 et
221 2214 402 2281 senectutis
415 2215 594 2280 maturitas
608 2214 762 2280 naturale
772 2215 934 2302 quiddam
944 2214 1077 2297 habeat,
1089 2215 1181 2304 quod

129 2328 167 2382 34
176 2337 237 2383 suo
245 2321 397 2403 tempore
407 2315 534 2403 percipi
545 2315 675 2382 debeat.
709 2315 1178 2403 Audiretearbitror,Soipi0‚

175 2418 297 2507 hospes
313 2423 393 2483 tuus
410 2417 520 2484 avitus
538 2417 718 2484 Masinissa
734 2439 821 2506 quae
838 2418 943 2484 faeiat
961 2418 1063 2485 hodie
1079 2439 1224 2489 nonaao

176 2522 275 2610 ginta
290 2526 390 2588 natus
407 2540 532 2604 annos;
554 2541 632 2587 eum
648 2520 818 2611 ingressus
834 2521 900 2588 iter
915 2521 1058 2609 pedibus
1074 2522 1128 2606 sit,
1143 2523 1180 2588 in

177 2646 301 2713 equum
322 2624 460 2690 omnino
483 2645 553 2691 uon
577 2623 766 2705 ascendere,
786 2645 864 2690 cunr
885 2629 1000 2691 autem
1021 2645 1117 2714 equo,
1137 2646 1180 2690 ex

176 2749 263 2816 equo
277 2748 347 2794 non
361 2727 569 2811 deseendere,
584 2726 680 2793 nulle
696 2727 807 2811 imbri,
822 2727 917 2795 nullo
933 2726 1062 2816 frigore
1078 2728 1180 2797 addu-

176 2832 217 2915 οἱ,
228 2837 268 2898 ut
282 2831 393 2919 eapite
409 2835 529 2918 operto
543 2830 597 2913 sit,
612 2850 779 2898 summam
796 2852 867 2898 esse
883 2831 921 2896 in
937 2851 978 2898 eo
994 2831 1180 2899 siceitatem

176 2935 335 3022 eorporis,
346 2934 462 3022 itaque
476 2933 590 3000 omnia
604 2934 741 3023 exsequi
751 2934 841 3022 regis
855 2933 966 3000 officia
979 2939 1016 3000 et
1028 2954 1178 3002 munera.
1188 2950 1220 2998 as

177 3036 296 3102 Potest
325 3037 432 3123 igitur
462 3036 660 3101 exercitatio
689 3041 724 3102 et
752 3037 980 3125 temperantia
1010 3025 1116 3103 etiam
1143 3037 1180 3101 in

176 3140 348 3203 senectute
364 3157 561 3203 conservare
577 3136 706 3225 aliquid
722 3139 856 3224 pristini
873 3139 1012 3203 roboris.

123 3243 163 3309 11
218 3239 300 3306 Nou
319 3237 455 3304 suntin
475 3243 648 3303 senectute
665 3238 762 3305 vires
807 3240 863 3305 Ne
878 3240 1094 3326 postulantur
1110 3239 1181 3326 qui-

177 3342 255 3408 dem
272 3341 360 3407 vires
378 3361 399 3405 a
415 3344 596 3405 senectute.
641 3339 735 3425 Ergo
754 3345 789 3406 et
810 3340 941 3427 legibus
960 3345 995 3406 et
1014 3341 1180 3407 institutis

176 3448 275 3510 vaoat
298 3448 392 3508 aetas
414 3446 530 3507 nostra
551 3441 746 3508 muneribus
768 3442 818 3525 iis,
839 3463 926 3530 quae
948 3463 1018 3509 non
1039 3449 1222 3531 possuntso

176 3546 249 3615 sine
271 3545 399 3611 viribus
423 3544 590 3611 sustineri.
634 3543 756 3633 Itaque
778 3565 847 3611 non
869 3543 981 3629 m0d0,
999 3548 1090 3635 quod
1111 3568 1181 3614 uon

176 3668 362 3738 possumus,
373 3647 432 3717 sed
445 3667 489 3715 ne
499 3651 664 3737 quantum
677 3667 853 3736 possumus
868 3647 1004 3737 quidem
1018 3650 1180 3736 eogimur.
