2684 4186
182 297 224 366 70
460 297 624 354 LAELIUS
645 298 699 353 DE
721 299 908 358 AMICITIA.

181 469 376 538 semperque
393 450 438 517 ad
455 450 593 538 aliquod
608 455 785 541 tamquam
806 449 1052 518 adminiculum
1070 449 1191 516 adniti-

181 557 257 637 tur;
279 554 369 641 quod
383 553 420 618 in
434 553 636 621 amicissimo
650 576 783 643 quoque
797 554 1027 620 dulcissimum
1041 557 1102 619 est.

126 650 172 719 24
225 654 292 722 Sed
316 677 395 722 cum
419 660 473 723 tot
500 657 606 745 signis
634 658 752 723 eadem
781 662 904 723 natura
928 656 1087 740 declaret,
1108 654 1191 742 quid

181 758 274 842 velit,
287 759 455 847 anquirat,
468 760 644 843 desideret,
657 766 774 826 tamen
792 759 1059 826 obsurdescimus
1076 757 1190 824 nescio

181 881 249 948 quo
263 862 366 928 modo
380 883 443 929 nec
457 883 507 947 ea,
517 883 603 951 quae
617 862 661 929 ab
672 884 713 930 ea
726 883 912 946 monemur,
925 856 1088 928 audimus.
1125 859 1188 927 Est
1214 877 1229 923 s

181 964 273 1029 enim
295 965 408 1031 varius
432 970 467 1032 et
489 965 670 1054 multiplex
692 986 772 1032 usus
797 964 976 1048 amicitiae,
995 964 1190 1051 multaeque

181 1087 301 1132 causae
316 1067 544 1155 suspicionum
561 1069 853 1156 offensionumque
867 1068 1002 1151 dantur,
1013 1087 1096 1155 quas
1112 1069 1189 1132 tum

181 1169 320 1253 evitare,
333 1175 408 1235 tum
423 1170 564 1254 elevare,
577 1177 652 1237 tum
666 1172 756 1239 ferre
773 1170 935 1258 sapientis
953 1176 1022 1254 est3
1044 1182 1113 1234 una
1128 1168 1189 1234 illa

181 1272 389 1340 sublevanda
409 1273 552 1340 offensio
574 1280 634 1358 est,
653 1280 693 1341 ut
714 1280 750 1341 et
771 1274 903 1340 utilitas
924 1273 961 1339 in
982 1271 1132 1339 amicitia
1152 1275 1188 1337 et

180 1376 266 1442 fides
279 1375 484 1442 retineatur:
507 1397 588 1442 nam
602 1383 637 1443 et
650 1377 812 1443 monendi
826 1376 926 1442 amici
943 1396 1042 1464 saepe
1056 1378 1135 1440 sunt
1152 1378 1188 1440 et
1199 1391 1229 1439 10

182 1477 392 1566 obiurgandi,
412 1482 448 1543 et
470 1478 554 1544 haec
578 1479 773 1567 accipienda
796 1480 912 1562 amice,
933 1499 1011 1544 cum
1032 1476 1189 1544 benivole

134 1581 279 1650 saliunt.
325 1581 392 1646 Sed
408 1580 522 1647 nescio
539 1602 606 1669 quo
623 1583 726 1649 modo
743 1603 863 1649 verum
880 1587 941 1667 est,
957 1580 1048 1670 quod
1064 1579 1101 1645 in
1117 1579 1189 1645 An-

181 1684 255 1750 dria
268 1683 447 1749 familiaris
461 1704 556 1750 meus
570 1684 672 1752 dicit:

377 1788 548 1857 Obseqmum
561 1791 672 1855 amicos,
687 1790 787 1845 veritas
800 1790 895 1849 odium
909 1789 988 1857 parit.

180 1889 328 1958 Molesta
344 1891 477 1974 veritas,
494 1891 660 1979 siquidem
677 1913 720 1958 ex
737 1913 777 1959 ea
793 1892 943 1958 nascitur
959 1889 1085 1974 odium,
1097 1888 1190 1978 quod
1199 1908 1229 1956 10

180 2001 408 2061 estvenenum
418 1994 596 2078 amicitiae,
606 1995 665 2061 sed
676 1995 873 2083 obsequium
883 1994 993 2059 multo
1004 1992 1188 2077 molestius,

180 2098 272 2185 quod
299 2097 445 2184 peccatis
470 2097 651 2185 indulgens
677 2097 898 2186 praecipitem
928 2096 1074 2161 amicum
1104 2095 1189 2162 ferri

180 2200 283 2283 sinit3
305 2220 466 2265 maxuma
487 2204 602 2265 autem
625 2201 724 2288 culpa
745 2201 781 2265 in
803 2221 854 2284 eo,
873 2199 932 2288 qui
953 2203 989 2265 et
1008 2197 1190 2266 veritatem

180 2306 380 2389 aspernatur
396 2307 432 2367 et
449 2301 486 2365 in
502 2301 660 2368 fraudem
676 2303 836 2390 obsequio
853 2300 1038 2390 inpellitur.
1083 2300 1189 2367 Omni

180 2405 287 2492 igitur
297 2402 361 2468 hac
371 2404 408 2468 in
418 2424 455 2470 re
466 2404 623 2471 habenda
636 2405 724 2470 ratic
735 2410 770 2470 et
782 2404 959 2492 diligentia
970 2407 1031 2488 est,
1039 2402 1189 2492 primum
1197 2420 1233 2470 ao

180 2511 220 2571 ut
231 2505 374 2572 monitio
389 2507 582 2590 acerbitate,
593 2508 713 2574 deinde
723 2512 762 2572 ut
777 2506 970 2594 obiurgatio
983 2505 1190 2573 contumelia

181 2614 312 2693 careat3
331 2608 368 2673 in
382 2608 541 2696 obsequio
556 2615 680 2694 autem,
692 2609 854 2697 quoniam
867 2608 1071 2674 Terentiano
1084 2607 1189 2675 verbo

180 2712 337 2778 lubenter
361 2712 500 2796 utimur,
520 2713 663 2779 comitas
688 2712 787 2795 adsit,
808 2711 1008 2795 adsentatiO,
1026 2709 1189 2777 vitiorum

181 2815 340 2898 adiutrix,
351 2816 470 2903 procul
485 2819 691 2899 amoveatur,
702 2835 788 2903 quae
799 2835 868 2880 non
881 2814 984 2880 modo
998 2813 1117 2896 amico,
1128 2813 1189 2880 sed

181 2939 225 2984 ne
238 2918 345 2985 libero
360 2919 497 3006 quidem
511 2920 615 3007 digna
629 2922 698 3002 est3
719 2917 819 2983 aliter
833 2916 924 2982 enim
937 2936 1016 2981 cum
1028 2920 1187 3003 tyranno,
1197 2935 1231 2983 ac

136 3034 173 3087 90
183 3020 282 3087 aliter
298 3042 376 3086 cum
393 3022 502 3089 amico
516 3022 652 3089 vivitur.
698 3021 801 3087 Ouius
816 3025 931 3086 autem
945 3039 1042 3086 aures
1056 3019 1189 3086 clausae

181 3123 320 3189 veritati
334 3129 424 3207 sunt,
433 3130 473 3189 ut
484 3124 528 3189 ab
539 3124 647 3190 amico
657 3144 778 3190 verum
791 3123 907 3189 audire
921 3126 1077 3210 nequeat,
1088 3120 1190 3189 huius

182 3224 272 3290 salus
285 3225 494 3312 desperanda
510 3230 570 3291 est.
617 3225 747 3292 Scitum
761 3230 812 3291 est
831 3225 923 3290 enim
936 3224 1023 3289 illud
1037 3223 1188 3309 Catonis,

182 3333 221 3390 ut
244 3326 373 3391 multa:
401 3326 551 3392 “melius
578 3327 620 3394 de
643 3328 846 3415 quibusdam
872 3327 1009 3393 acerbos
1034 3325 1190 3393 inimicos

181 3427 303 3492 mereri
325 3448 427 3515 quam
448 3449 505 3494 eos
527 3429 661 3513 amicos,
677 3431 735 3517 qui
757 3429 870 3495 dulces
891 3429 1090 3511 videantur;
1111 3427 1234 3496 illosao

181 3550 300 3594 verum
314 3550 413 3616 saepe
427 3531 547 3614 dicere,
563 3532 625 3598 hos
641 3532 857 3619 numquam.''
901 3531 1018 3619 Atque
1035 3529 1120 3595 illud
1133 3530 1191 3596 ab

182 3631 329 3715 surdum,
342 3633 433 3721 quod
450 3634 484 3718 ii,
496 3634 554 3724 qui
573 3640 764 3720 monentur,
781 3655 856 3701 eam
873 3633 1074 3716 molestiam,
1086 3652 1191 3719 quam
