2684 4186
199 311 240 372 50
475 300 637 357 rannus
658 300 712 355 on
733 300 919 356 1111101111

197 455 418 543 liberalesque
438 474 562 537 sumus,
577 474 647 519 non
663 457 703 519 ut
719 453 893 542 exigamus
914 452 1063 541 gratiam
1079 452 1203 543 (neque

198 559 290 625 enim
309 557 508 624 beneficium
529 556 752 640 faeneramur,
768 556 827 622 sed
843 560 967 622 natura
982 557 1141 644 propensi
1157 556 1202 624 ad

197 660 437 727 liberalitatem
458 660 594 747 sumus),
610 659 659 724 sio
675 658 860 725 amicitiam
877 679 947 724 non
963 679 1023 745 spe
1038 658 1202 726 mercedis

197 763 343 845 adducti,
362 762 420 828 sed
442 761 533 849 quod
555 761 664 827 omnis
687 761 757 826 eius
779 760 910 827 fructus
932 760 1064 848 inipso
1086 781 1203 828 amore

151 865 294 949 sninest,
317 862 543 952 expetendam
569 867 738 951 putamus.
785 863 843 929 Ab
867 863 931 946 his,
951 863 1010 951 qui
1034 863 1202 950 pecudum
1228 881 1244 928 u

196 967 265 1033 ritu
281 967 325 1032 ad
338 965 551 1053 voluptatem
568 964 683 1031 omnia
698 963 860 1047 referunt,
871 965 974 1052 longe
988 964 1200 1048 dissentiunt,

196 1089 259 1134 nec
280 1068 426 1151 mirum,
452 1066 538 1132 nihil
561 1067 652 1133 enim
675 1066 793 1149 altum,
811 1065 898 1130 nihil
919 1065 1141 1153 magnifieum
1161 1087 1202 1133 10

197 1170 350 1237 divinum
360 1169 526 1257 suspicere
536 1172 686 1256 possunt,
694 1169 753 1257 qui
764 1188 841 1235 suas
851 1189 967 1235 omnes
978 1169 1202 1257 cogitationes

197 1272 391 1339 abiecerunt
405 1271 443 1335 in
457 1291 530 1337 rem
543 1275 617 1337 tam
631 1270 794 1336 humilem
807 1274 946 1358 tamque
960 1274 1200 1359 contemptam

198 1375 309 1453 Quam
327 1374 462 1439 obrem
480 1372 542 1439 hos
560 1373 697 1460 quidem
714 1372 839 1439 abhoc
860 1393 1013 1439 sermone
1034 1393 1202 1441 111110111-
1212 1392 1243 1440 10

195 1496 280 1559 mus,
302 1475 368 1563 ipsi
392 1479 507 1542 autem
531 1476 767 1563 intellegamus
794 1478 918 1541 natura
945 1474 1043 1563 gigni
1066 1496 1202 1542 sensum

196 1577 360 1666 diligendi
385 1583 420 1643 et
444 1576 693 1644 benivolentiae
717 1576 895 1643 caritatem
919 1577 1012 1644 facta
1035 1578 1203 1666 significa

195 1681 291 1748 tione
309 1680 499 1771 probitatis.
549 1679 660 1758 Quam
681 1679 740 1767 qui
761 1679 1008 1766 adpetiverunt,
1029 1678 1201 1767 adplicant

196 1804 231 1849 se
248 1787 283 1850 et
300 1783 438 1871 propius
454 1783 646 1865 admovent,
662 1787 701 1847 ut
719 1785 753 1848 et
770 1802 834 1847 usu
850 1781 929 1865 eius,
941 1802 1043 1870 quem
1060 1781 1203 1870 diligam

195 1890 386 1976 coeperunt,
397 1886 556 1951 fruantur
569 1889 604 1951 et
617 1884 767 1951 moribus
781 1883 915 1971 sintque
928 1903 1026 1970 pares
1039 1883 1076 1949 in
1085 1900 1244 1952 amoreis

195 1993 230 2055 et
244 1988 399 2077 aequales
415 1987 712 2075 propensioresque
726 1986 771 2053 ad
784 1986 870 2052 bene
885 1986 1083 2052 merendum
1096 2007 1203 2074 quarn

196 2091 241 2155 ad
251 2090 501 2178 reposcendum,
512 2093 614 2177 atque
627 2089 711 2154 haec
720 2089 810 2156 inter
821 2109 878 2155 eos
888 2088 933 2155 sit
943 2089 1087 2155 honesta
1095 2092 1203 2155 certa·

195 2191 254 2256 tio.
301 2191 356 2257 Sic
371 2196 406 2257 et
420 2190 586 2256 utilitates
604 2211 646 2256 ex
663 2191 813 2258 amicitia
829 2191 998 2258 maximae
1013 2191 1201 2279 capientur,

195 2296 231 2356 et
248 2292 313 2358 erit
331 2292 401 2358 eius
418 2297 514 2358 ortus
530 2313 552 2358 a
569 2296 692 2358 natura
709 2312 813 2380 quam
829 2293 872 2359 ab
889 2292 1110 2360 inbecillitate
1125 2313 1203 2382 gra-

194 2393 270 2461 vior
280 2397 314 2459 et
325 2393 444 2461 verior.
480 2392 573 2460 Nam
583 2394 612 2460 si
622 2394 753 2461 utilitas
763 2395 929 2461 amicitias
939 2394 1200 2483 conglutinaret,
1210 2410 1246 2459 ac

195 2494 313 2562 eadem
327 2498 536 2562 commutata
550 2496 763 2581 dissolveret3
781 2498 840 2564 sed
850 2497 931 2586 quia
941 2501 1064 2563 natura
1072 2498 1201 2565 mutari

195 2618 265 2663 non
280 2601 403 2686 potest,
419 2597 544 2665 ideirco
560 2618 661 2665 verae
680 2599 848 2666 amicitiae
869 2599 1093 2686 sempiternae
1109 2604 1200 2668 sunt

197 2700 321 2767 Ortum
345 2700 483 2789 quidem
508 2700 677 2768 amicitiae
702 2700 834 2785 11111111,
854 2701 920 2767 nisi
942 2700 1025 2789 quid
1049 2701 1094 2768 ad
1115 2701 1202 2771 haee

195 2803 285 2870 forte
298 2803 411 2869 vultis

237 2907 398 2973 Farrrua.
427 2907 479 2972 Tu
496 2928 577 2973 vero
594 2927 707 2995 perge,
725 2907 838 2991 Laeli3
862 2927 926 2994 pro
942 2905 1008 2972 hoe
1024 2906 1124 2991 enim,
1140 2907 1246 2996 quiae

195 3009 307 3075 minor
321 3013 372 3076 est
386 3013 479 3092 natu,
490 3030 567 3075 meo
581 3009 654 3075 iure
667 3010 862 3097 respondeo.

149 3125 185 3175 33
239 3111 423 3177 Scaevoia.
446 3111 554 3178 Recte
567 3115 606 3176 tu
622 3110 768 3199 quidem.
813 3111 1070 3190 Quamobrem
1087 3112 1203 3181 audia-

195 3231 280 3276 mus.

143 3311 185 3379 1⁰
239 3312 393 3378 11111111.
416 3312 546 3379 Audite
564 3335 654 3397 vero,
670 3316 802 3402 optumi
819 3314 894 3398 viri,
909 3337 958 3400 ea,
974 3337 1061 3405 quae
1079 3317 1204 3405 saepia

196 3414 279 3480 sime
293 3414 383 3480 inter
396 3419 498 3482 meet
514 3414 704 3503 Scipionem
719 3416 761 3483 de
775 3417 926 3483 amicitia
940 3418 1201 3487 disserebantur.
1212 3440 1249 3489 10

197 3517 411 3604 Quamquam
432 3517 490 3583 ille
506 3517 643 3606 quidem
664 3519 750 3584 nihil
772 3520 940 3586 difficilius
963 3542 1034 3587 esse
1054 3520 1202 3608 dicebat,

196 3641 298 3709 quam
315 3620 501 3688 amicitiam
518 3641 623 3710 usque
642 3622 686 3688 ad
704 3628 894 3690 extremum
911 3623 1003 3690 vitae
1020 3623 1112 3691 diem
1127 3640 1205 3713 per-
