2684 4186
449 370 453 376 .
517 320 674 378 01111
707 320 811 390 §8-13.
916 267 921 270 ‘
1124 326 1167 390 41

164 473 409 542 mortalitatem
423 477 541 562 optare
551 473 663 557 vellet,
673 472 755 561 quid
765 482 834 540 non
848 471 991 561 adeptus
1005 479 1066 559 est,
1076 475 1168 563 quod

84 659 87 664 .
165 577 296 643 homini
312 576 365 642 fas
382 581 468 643 esset
487 577 626 664 optaret
651 575 710 662 qui
727 594 895 641 summam
916 597 1011 664 spem
1032 577 1166 661 civium,

165 699 269 768 quam
282 679 325 745 de
335 700 375 745 eo
389 679 458 745 iam
472 699 576 765 puero
590 678 787 760 habuerant,
800 678 960 743 continuo
974 679 1167 746 adulescens

165 781 354 847 incredibili
375 781 504 847 11111116
529 780 709 867 superavit,
730 780 789 867 qui
812 779 1023 845 consulatum
1044 781 1168 867 petivit

142 903 359 970 enumquam,
371 881 482 947 factus
496 882 614 947 consul
627 886 678 947 est
692 881 753 964 bis,
765 881 914 967 primum
931 885 1011 947 ante
1024 885 1166 969 tempus,

165 986 290 1052 iterum
306 985 371 1050 sibi
387 1004 448 1050 suo
465 983 691 1070 temporanei
707 983 862 1071 publicae
882 1003 989 1070 paene
1010 1004 1094 1067 sero,
1109 984 1168 1071 qui

165 1087 295 1153 duabus
308 1086 447 1153 urbibus
461 1086 585 1153 eversis
598 1085 835 1152 inimicissimis
849 1085 929 1152 huic
942 1086 1084 1173 imperio
1098 1105 1169 1151 non

164 1191 267 1256 modo
292 1189 489 1278 praesentia,
509 1209 627 1254 verum
651 1189 755 1254 etiam
780 1188 897 1255 futura
920 1188 1010 1254 bella
1032 1187 1166 1255 delevit.

165 1292 257 1371 Quid
278 1292 389 1358 dicam
410 1293 452 1358 de
473 1291 623 1357 moribus
645 1290 825 1374 facillimis,
841 1289 884 1355 de
900 1290 1029 1377 pietate
1047 1290 1084 1354 in
1099 1311 1168 1356 ma

119 1394 262 1479 mtrem,
277 1395 481 1461 liberalitate
499 1394 536 1458 in
554 1414 693 1477 sorores,
709 1393 863 1475 bonitate
881 1393 918 1458 in
935 1414 1021 1477 suos,
1037 1393 1168 1459 iustitia
1208 1450 1209 1453 ,

165 1498 344 1563 1101111611
361 1497 648 1582 notasuntvobis.
683 1495 1167 1574 Quamautemcivitatiearus

165 1598 279 1682 fuerit,
300 1619 452 1664 maerore
474 1598 603 1664 funeris
629 1597 817 1663 indicatum
839 1602 900 1663 est.
947 1597 1039 1676 Quid
1060 1597 1168 1685 igitur

165 1700 256 1765 hunc
277 1720 461 1786 paucorum
483 1719 650 1764 annorum
672 1699 815 1764 accessio
840 1699 957 1765 iuvare
980 1699 1167 1787 potuissetl

168 1801 327 1867 Senectus
355 1801 446 1866 enim
471 1801 624 1887 quamvis
652 1799 791 1865 nonsit
819 1799 942 1886 gravis
964 1804 1005 1865 ut
1028 1801 1168 1865 memini

128 1921 157 1968 15
167 1903 333 1969 Catonem
359 1923 449 1968 anno
478 1908 566 1985 ante,
586 1920 690 1989 quam
713 1905 764 1966 est
791 1905 954 1984 mortuus,
976 1921 1109 1966 mecum
1133 1906 1169 1967 61

166 2027 243 2072 cum
255 2005 409 2093 Scipione
423 2005 592 2089 disserere,
603 2009 719 2071 tamen
733 2003 846 2070 aufert
860 2023 935 2069 eam
948 2003 1167 2087 viriditatem,

165 2108 202 2173 in
223 2129 291 2196 qua
311 2109 414 2175 etiam
434 2128 524 2173 nunc
545 2113 619 2175 erat
641 2106 762 2195 Scipio.
807 2106 919 2185 Quam
940 2106 985 2173 ob
1005 2127 1077 2172 rem
1096 2106 1216 2173 111611

165 2211 301 2298 quidem
314 2211 393 2277 talis
406 2211 473 2277 fuit
483 2210 540 2276 vel
554 2210 693 2276 fortuna
706 2210 761 2277 vel
774 2210 893 2298 glorie,
904 2213 943 2276 ut
954 2209 1040 2275 nihil
1054 2213 1168 2296 posset

165 2314 329 2398 accedere,
349 2314 516 2380 moriendi
538 2319 654 2382 autem
675 2334 811 2380 sensum
832 2313 986 2380 celeritas
1008 2313 1168 2397 abstulit3

125 2435 158 2482 ao
166 2436 233 2504 quo
247 2417 289 2483 de
305 2438 428 2505 genere
444 2417 564 2483 mortis
582 2416 718 2483 difficile
734 2416 828 2482 dictu
845 2420 905 2498 est,
919 2415 1001 2504 quid
1014 2415 1168 2482 homines

165 2520 383 2607 suspicentur,
398 2520 539 2603 videtis3
564 2519 630 2585 hoc
650 2539 730 2585 vere
751 2523 868 2585 tamen
888 2518 969 2585 licet
990 2517 1109 2601 dicere,
1128 2517 1168 2584 P.

166 2620 314 2708 Scipioni
335 2642 378 2687 ex
398 2622 515 2687 multis
536 2621 662 2704 diebus,
680 2640 765 2709 quos
785 2620 822 2685 in
842 2620 916 2686 vita
937 2619 1171 2686 celeberrimos

164 2722 430 2810 laetissimosque
446 2723 579 2804 viderit,
594 2722 693 2787 illum
709 2721 801 2786 diem
817 2720 1040 2786 clarissimum
1056 2720 1170 2803 fuisse,

168 2845 246 2888 cum
265 2828 386 2890 senatu
405 2824 543 2889 dimisso
556 2823 696 2888 domum
709 2822 867 2888 reductus
878 2823 921 2887 ad
932 2842 1110 2908 vesperum
1120 2827 1173 2888 est

126 2923 347 3010 asapatribus
358 2923 563 3009 conscriptis,
571 2922 697 3010 populo
705 2922 871 3006 Romano,
879 2922 977 2988 sociis
987 2927 1022 2988 et
1031 2922 1170 3007 Latinis,

166 3024 275 3111 pridie
292 3044 394 3111 quam
411 3024 552 3090 excessit
569 3044 588 3090 e
605 3024 687 3107 vita,
701 3027 742 3089 ut
758 3044 802 3090 ex
816 3028 890 3090 tam
906 3024 977 3090 alto
994 3024 1172 3112 dignitatis

166 3125 275 3214 gradu
289 3126 333 3192 ad
347 3125 738 3213 superosvideaturdeos
751 3125 978 3216 potiusquam
987 3126 1031 3194 ad
1045 3127 1172 3196 inferos

166 3229 364 3317 pervenisse.

209 3330 331 3420 Neque
348 3332 440 3398 enim
456 3332 628 3399 adsentior
645 3332 696 3417 iis,
708 3332 767 3422 qui
784 3333 869 3400 haee
884 3353 992 3422 nuper
1009 3333 1171 3432 disserere
1180 3305 1218 3446 ᾗ

128 3439 358 3521 succeperunt,
369 3454 446 3500 cum
456 3435 651 3524 corporibus
664 3436 765 3504 simul
774 3436 905 3503 animos
919 3436 1058 3503 interire
1069 3441 1172 3525 atque

168 3535 282 3601 omnia
295 3541 405 3602 morte
420 3537 542 3621 deleri3
563 3537 640 3625 plus
654 3537 745 3626 apud
758 3559 814 3603 me
828 3538 1045 3625 antiquorum
1060 3542 1171 3605 aucto
1213 3587 1216 3591 -

168 3637 252 3704 ritas
268 3638 440 3722 valetud
456 3644 650 3708 nostrorum
669 3640 846 3724 maiorum,
861 3639 921 3727 qui
937 3640 1080 3707 mortuis
1097 3644 1171 3707 tam
