2684 4186
502 314 584 368 999.
598 316 622 379 9,
637 315 677 369 10
712 315 833 383 saraa
1131 315 1172 377 13

168 461 220 528 dit
238 463 411 530 senectuti.
456 464 566 552 Cyrus
583 464 721 565 quidem
741 464 832 552 apud
851 462 1116 552 Xenophontem
1132 484 1172 529 99
1182 481 1220 533 39

169 585 322 632 sermone
322 587 449 654 ,quem
464 567 613 632 moriens
607 549 760 650 habuit,
775 587 854 631 cum
870 566 1053 632 admodum
1070 587 1173 632 senex

169 673 256 733 esset
257 673 381 756 ,negat
396 689 432 734 se
445 689 607 756 umquam
624 668 765 734 sensisse
781 673 990 734 senectutem
1003 689 1100 735 suam
1113 669 1173 733 im-

167 769 375 836 becilliorem
395 770 532 853 factam,
550 791 652 858 quam
673 770 901 837 adulescentia
924 770 1052 836 fuisset.
1097 770 1173 859 Ego

144 872 205 937 sL.
221 871 401 938 Metellum
417 873 556 938 memini
573 892 666 959 puer,
682 872 742 960 qui
760 893 838 937 cum
855 872 1076 960 quadriennio
1094 877 1172 959 post

167 975 313 1040 alterum
336 974 549 1040 consulatum
570 974 728 1061 pontifex
749 974 918 1040 maximus
940 974 1052 1040 faetus
1075 979 1171 1058 esset,

169 1077 292 1166 viginti
306 1082 341 1143 et
355 1077 440 1143 duos
457 1097 563 1143 annos
581 1077 612 1143 ei
629 1077 818 1143 sacerdotio
834 1077 993 1165 praefuit,
1009 1077 1059 1142 ita
1075 1077 1173 1143 bonis

167 1201 238 1247 esse
248 1180 375 1246 viribus
385 1185 538 1246 extremo
548 1185 703 1267 tempore
713 1180 845 1263 aetatis,
857 1185 896 1245 ut
910 1180 1173 1246 adulescentiam

166 1304 237 1350 non
258 1283 452 1371 requireret.
496 1282 594 1349 Nihil
616 1302 750 1349 necesse
772 1286 824 1348 est
846 1282 932 1347 mihi
954 1283 997 1348 de
1020 1303 1077 1349 me
1099 1283 1173 1371 ipso

128 1402 158 1450 10
167 1386 276 1453 dicere
277 1406 506 1474 ,quamquam
520 1390 571 1451 999
585 1384 622 1450 id
636 1385 773 1472 quidem
790 1384 894 1451 senile
910 1385 1082 1473 aetatique
1099 1406 1173 1451 nos-

166 1493 240 1555 trae
262 1488 466 1555 conceditur.
511 1487 700 1570 Videtisne,
721 1491 761 1552 ut
782 1487 873 1602 apud
894 1487 1084 1554 Homerum
1105 1472 1227 1616 sae-11⁰

166 1591 302 1706 pissime
326 1590 454 1656 Nestor
481 1589 524 1655 de
551 1589 735 1656 virtutibus
763 1589 832 1655 suis
859 1589 1050 1677 praedicati
1095 1563 1218 1655 Iam31

168 1694 260 1759 enim
280 1693 418 1758 tertiam
439 1695 587 1756 aetatem
608 1691 785 1756 hominum
797 1690 951 1774 ridebat,
966 1712 1028 1758 nec
1048 1698 1120 1759 erat
1139 1694 1172 1758 91

167 1793 362 1876 verendum,
379 1813 423 1858 ne
441 1813 523 1858 9999
543 1791 740 1879 praedicans
761 1793 804 1858 de
825 1813 861 1858 99
882 1793 983 1858 nimis
1001 1794 1173 1860 videretur

129 1902 229 1964 999999
253 1895 400 1962 insolens
425 1899 484 1960 aut
507 1894 642 1982 loquan
686 1893 833 1977 Etenim,
857 1899 897 1960 ut
919 1895 969 1960 ait
991 1895 1171 1980 Homerus,

169 2004 189 2036 “
197 2020 240 2066 ex
250 1999 321 2065 eius
331 1998 449 2085 lingua
462 1997 562 2062 melle
572 1995 703 2061 dulcior
716 1995 844 2062 fluebat
859 1997 999 2081 orati0,”
1015 2019 1119 2086 quam
1128 2000 1173 2065 ad

167 2101 371 2168 suavitatem
388 2099 489 2166 nullis
507 2098 629 2187 egebat
646 2099 796 2187 eorporis
812 2099 949 2166 viribus.
993 2100 1039 2167 Et
1056 2106 1173 2168 tamen

167 2206 237 2271 dux
258 2205 316 2271 ille
339 2203 502 2269 Graeciae
525 2222 691 2290 nusquam
717 2207 824 2290 optat,
845 2208 885 2269 ut
906 2203 1022 2270 Aiacis
1046 2205 1172 2272 similes

166 2307 291 2374 habeat
306 2307 430 2389 decem,
446 2305 505 2372 sed
521 2312 561 2371 ut
574 2304 611 2372 N
612 2305 750 2388 estoris3
772 2305 905 2393 quodsi
920 2306 985 2372 sibi
1001 2307 1170 2391 acciderit,

127 2429 159 2476 99
167 2429 236 2476 999
250 2409 393 2493 dubitat,
405 2409 489 2496 quin
502 2408 596 2474 brevi
610 2408 655 2474 sit
671 2408 773 2475 Troia
785 2409 945 2496 peritura.
991 2409 1057 2476 Sed
1070 2411 1171 2477 redeo
1181 2430 1219 2482 32

166 2513 211 2578 ad
221 2532 284 2578 me.
322 2511 491 2590 Quartum
505 2531 571 2599 ago
582 2531 710 2576 annum
724 2515 759 2576 et
773 2512 1034 2600 octogesimum3
1048 2514 1172 2579 vellem

167 2615 323 2702 equidem
336 2614 427 2680 idem
440 2633 574 2701 possem
587 2613 736 2700 gloriari,
748 2615 839 2701 quod
853 2615 972 2700 Oyrus,
984 2615 1043 2681 sed
1056 2620 1173 2682 tamen

167 2715 232 2783 hoc
249 2737 336 2804 queo
354 2716 474 2798 dicere,
489 2737 559 2781 non
576 2736 632 2781 me
649 2715 787 2802 quidem
804 2716 845 2781 iis
862 2737 934 2782 esse
951 2717 1087 2800 viribus,
1103 2719 1173 2805 qui-

167 2819 231 2884 bus
248 2823 308 2884 aut
323 2818 421 2883 miles
437 2817 527 2883 bello
545 2817 675 2882 Punico
692 2820 752 2882 aut
770 2823 928 2905 quaestor
947 2818 1066 2884 eodem
1081 2819 1173 2886 bello

128 2926 228 2987 99999
246 2919 363 2986 consul
384 2919 420 2983 in
437 2919 604 3007 Hispania
624 2919 749 2984 inerim
770 2924 829 2984 aut
847 2918 1068 3007 quadriennio
1084 2925 1171 3008 post,

168 3044 247 3089 oum
262 3022 418 3088 tribunus
435 3021 592 3087 militaris
609 3021 801 3109 depugnavi
821 3022 911 3109 apud
928 3021 1173 3111 Thermopylas

168 3125 227 3191 Μ’.
244 3124 429 3191 Glabrione
445 3123 591 3207 consule,
606 3124 665 3190 sed
683 3129 807 3208 tamen,
822 3130 861 3190 ut
879 3145 939 3192 999
956 3124 1087 3210 videtis,
1103 3148 1174 3194 non

167 3229 268 3317 plane
288 3248 344 3294 me
365 3226 637 3309 999999919,999
658 3226 792 3292 adflixit
812 3235 975 3310 senectae,
990 3248 1060 3294 non
1080 3230 1174 3296 curia

167 3331 256 3397 vires
268 3351 361 3397 meas
376 3330 552 3412 desiderat,
568 3350 638 3395 non
651 3334 769 3414 rostra,
784 3351 854 3397 non
868 3331 976 3413 amici,
992 3351 1061 3397 non
1076 3334 1174 3399 clien-

128 3438 230 3518 99999,
242 3455 315 3500 non
331 3432 490 3520 hospites.
536 3432 611 3498 Nec
628 3432 719 3499 enim
735 3454 896 3521 umquam
918 3454 994 3499 sum
1014 3435 1173 3501 adsensus

168 3536 275 3604 veteri
289 3536 340 3601 illi
354 3536 559 3623 laudatoque
572 3534 761 3622 proverbia,
777 3535 868 3622 quod
880 3540 998 3601 monet
1014 3539 1174 3603 “mature

169 3639 244 3706 ficri
266 3658 390 3720 senem,
410 3638 439 3704 si
460 3638 520 3704 diu
541 3637 625 3705 velis
651 3657 753 3703 senex
773 3637 875 3703 esse.'’
919 3636 996 3723 Ego
1016 3659 1098 3707 vero
1118 3660 1174 3705 me
