2684 4186
199 303 243 366 22
358 250 361 255 ·
415 299 516 354 CATO
537 298 663 354 MAIOR
684 299 737 354 DE
758 298 988 356 sannorum

199 471 385 540 numquam
401 455 533 519 recusat
552 450 733 540 imperium
750 470 814 518 nec
831 472 994 540 umquam
1010 449 1083 518 sine
1101 470 1206 517 usura

198 554 320 637 reddit,
332 555 423 643 quod
440 554 578 643 accepit,
593 555 653 621 scd
670 554 753 620 alias
768 553 907 637 minore,
923 554 1120 642 plerumque
1133 573 1206 619 ma-

198 654 270 722 iore
281 677 358 722 oum
368 657 514 724 faenore.
548 657 763 745 Quamquam
776 677 832 723 me
842 656 979 745 quidem
993 677 1062 722 non
1072 656 1204 723 fructus

64 837 65 840 Ἴ
198 759 310 843 modo,
326 760 385 825 sed
402 760 506 826 etiam
526 759 631 847 ipsius
652 763 763 825 terrae
780 758 831 825 vis
847 779 887 825 ac
904 763 1027 824 natura
1045 758 1201 825 delectat.

199 859 295 938 Quae
311 882 388 928 cum
404 861 534 950 gremio
551 861 685 927 mollito
701 881 742 927 ac
760 861 899 926 subacto
916 880 1070 948 sparsum
1086 879 1204 927 semen
1229 880 1247 927 1

181 960 340 1050 excepit,
355 964 503 1052 primum
519 963 557 1028 id
573 952 787 1043 occaecatum
806 962 950 1045 cohibet,
966 983 1008 1028 ex
1026 982 1093 1050 quo
1109 983 1203 1030 occa-

196 1065 256 1149 tio,
272 1086 359 1154 quae
375 1065 440 1133 hoc
456 1066 570 1150 efficit,
585 1065 761 1131 nominata
777 1068 838 1147 est,
854 1064 976 1137 deinde
991 1063 1203 1151 tepefactum

196 1188 323 1256 vapore
340 1173 375 1234 et
392 1188 584 1255 compressu
598 1187 658 1233 suo
673 1166 834 1255 diffundit
850 1170 885 1231 et
900 1165 991 1232 elicit
1007 1165 1202 1232 herbescen·
1312 1169 1316 1177 '

195 1275 267 1337 tem
278 1291 320 1337 ex
331 1291 372 1336 eo
382 1270 601 1352 viriditatem,
611 1290 696 1357 quae
706 1270 787 1334 nixa
800 1268 895 1334 fibris
909 1268 1066 1356 stirpium
1076 1269 1201 1335 sensim

195 1372 358 1438 adulescit
369 1372 547 1460 culmoque
556 1377 668 1437 erecta
678 1371 870 1459 geniculato
880 1371 1013 1458 vaginis
1023 1371 1092 1437 iam
1102 1371 1200 1459 quasi
1212 1391 1245 1440 10

195 1477 379 1567 pubescens
397 1477 663 1560 includitur;·,ex
683 1477 804 1565 quibus
823 1497 901 1542 cum
917 1476 1065 1560 emersit,
1083 1476 1201 1543 fundit

194 1580 330 1668 frugem
341 1566 433 1669 'spici
452 1579 570 1647 ordine
590 1583 754 1650 structam
771 1583 805 1646 61
822 1584 942 1671 contra
962 1580 1076 1646 avium
1092 1579 1201 1646 mino
1305 1580 1310 1588 '

146 1695 184 1748 52
194 1703 272 1747 rum
285 1703 416 1750 morsus
432 1681 585 1748 munitur
598 1682 689 1748 vallo
706 1681 894 1749 aristarum.
939 1682 1030 1761 Quid
1044 1703 1109 1770 ego
1122 1674 1200 1748 viti·

193 1806 254 1851 um
275 1790 378 1868 ortus,
397 1790 498 1870 satus,
516 1785 725 1852 incrementa
749 1785 1029 1852 commemoremi
1073 1785 1199 1852 Satiari

194 1889 419 1956 delectatione
435 1911 504 1955 non
521 1909 668 1977 possum,
682 1893 722 1954 ut
736 1909 832 1955 meae
849 1887 1030 1955 senectutis
1046 1888 1197 1976 requiem
1209 1908 1241 1957 11

193 1993 544 2080 oblectamentumque
557 1991 713 2058 noscatis.
751 1991 884 2057 Omitto
899 1991 990 2058 61111
1003 1990 1074 2057 vim
1087 1986 1100 2055 i
1124 2001 1199 2058 sam

110 2163 114 2171 ,
192 2096 353 2178 omnium,
372 2115 458 2182 quae
478 2098 684 2181 generantur
705 2114 724 2158 6
742 2098 852 2177 terra3
876 2113 962 2181 quae
983 2114 1025 2159 ex
1072 2114 1103 2159 61
1123 2096 1198 2160 tan-

191 2197 265 2262 tulo
291 2217 399 2283 grano
424 2200 551 2261 11161
575 2196 664 2260 acini
688 2194 828 2260 vinaceo
857 2198 916 2260 aut
941 2214 984 2261 ex
1008 2200 1198 2263 ceterarum

191 2297 333 2385 frugum
355 2301 414 2363 aut
437 2296 593 2383 stirpium
617 2296 851 2362 minutissimis
876 2297 1058 2363 seminibus
1080 2301 1197 2366 tantos

191 2406 328 2465 truncos
342 2419 518 2487 ramosque
531 2404 693 2485 procreet.
716 2397 886 2485 Malleoli,
896 2399 1042 2487 plantae,
1052 2419 1197 2467 sarmen-
1207 2420 1240 2468 ao

190 2508 236 2585 ta,
249 2501 455 2584 viviradices,
470 2498 672 2589 propagines
689 2522 801 2567 nonne
818 2501 977 2584 efficiunt,
989 2505 1028 2566 ut
1043 2504 1198 2590 quemvis

190 2624 268 2670 cum
282 2603 505 2669 admiratione
518 2603 706 2670 (1616616111
741 2603 834 2670 Vitis
844 2603 990 2692 quidem,
1001 2625 1086 2692 quae
1100 2609 1197 2672 natu·
1277 2626 1280 2631 ·

190 2728 230 2774 ra
243 2706 368 2774 caduca
382 2712 433 2774 est
444 2712 488 2790 et,
498 2705 562 2772 nisi
577 2706 667 2773 fulta
677 2711 737 2792 est,
747 2706 857 2773 fertur
867 2708 911 2773 ad
921 2712 1056 2794 terram,
1067 2709 1194 2794 eadem,

188 2815 230 2877 ut
250 2831 287 2879 se
308 2811 427 2902 erigat,
447 2808 618 2876 claviculis
640 2809 709 2876 suis
732 2809 828 2897 quasi
849 2811 1014 2894 manibus,
1035 2811 1196 2900 quioquid

189 2918 242 2982 cst
262 2916 373 2998 nacta,
390 2912 645 3002 complectitur3
671 2933 774 3001 quam
798 2917 990 3001 serpentem
1013 2914 1194 3001 multiplici
1204 2933 1236 2983 11

188 3017 285 3106 lapsu
301 3022 335 3083 et
350 3016 493 3082 erratico
510 3015 602 3081 ferro
619 3020 799 3103 amputans
816 3022 946 3111 coercet
963 3036 1017 3082 ars
1034 3006 1194 3104 agricola-

188 3141 274 3202 rum,
290 3139 334 3184 ne
350 3118 505 3185 silvescat
522 3119 701 3184 sarmentis
719 3123 753 3184 et
770 3119 807 3182 in
824 3138 940 3184 omnes
956 3121 1070 3204 partes
1087 3118 1193 3184 nimia

140 3233 177 3286 53
188 3219 361 3302 fundatur.
410 3218 531 3306 Itaque
559 3218 698 3293 ineunte
721 3239 801 3285 vere
829 3218 866 3282 in
890 3218 941 3299 iis,
963 3238 1050 3304 quae
1073 3217 1192 3285 relicta

187 3327 276 3405 sunt,
292 3320 423 3388 exsistit
440 3324 616 3406 tamquam
634 3319 679 3385 ad
697 3319 856 3385 articulos
877 3323 1124 3385 sarmentorum
1140 3342 1189 3406 ea,
1316 3384 1319 3389 .

188 3446 274 3514 quae
298 3442 434 3512 gemma
457 3420 590 3504 dicitur,
613 3441 635 3488 a
657 3441 724 3508 qua
748 3421 859 3487 oriens
881 3441 948 3486 uva
970 3441 1006 3487 16
1031 3424 1233 3509 ostendit,so

188 3548 274 3617 quae
288 3533 322 3593 et
337 3546 416 3592 suco
430 3529 541 3590 terrae
555 3528 590 3590 et
605 3522 715 3590 calore
728 3523 808 3589 solis
822 3543 1003 3611 augescens
1017 3525 1127 3612 primo
1139 3531 1190 3593 est

185 3630 367 3722 peracerba
373 3626 650 3718 gustatu,deinde
658 3629 828 3694 maturata
836 3626 995 3694 dulcescit
1002 3628 1190 3722 vestitaque
