2684 4186
173 307 215 371 56
450 301 613 358 nnnmus
634 301 688 356 nn
709 300 895 357 1111111,

172 476 233 522 cur
256 455 442 523 amicitiam
465 455 621 521 irmditus
649 453 809 520 tollamus
835 452 957 536 evita,
980 470 1024 517 ne
1048 450 1178 539 aliquas

171 563 311 647 propter
332 579 408 624 eam
428 557 648 646 suscipiamus
669 556 864 621 molestiasl
909 553 1000 633 Quid
1022 553 1114 620 enim
1130 553 1178 618 in-

170 665 276 728 terest
293 665 390 726 motu
407 660 512 727 animi
529 659 663 726 sublato
679 678 749 724 non
766 658 842 723 dico
859 657 949 723 inter
965 657 1128 745 pecudem
1142 661 1178 722 et

170 763 353 847 hominem,
369 763 428 830 sed
444 763 534 829 inter
555 761 728 828 hominem
745 764 781 827 et
797 765 956 826 truncum
977 762 1038 825 aut
1057 779 1178 825 saxum

172 871 232 932 aut
249 866 381 954 quidvis
403 865 536 954 generis
558 864 728 930 eiusdemi
771 862 893 951 Neque
914 861 1006 929 enim
1022 865 1102 928 sunt
1118 861 1177 928 isti
1202 879 1217 924 r

172 968 340 1052 audiendi,
358 968 416 1056 qui
438 967 601 1034 virtutem
622 966 742 1032 duram
763 970 798 1031 et
820 965 914 1054 quasi
936 965 1083 1031 ierream
1105 985 1177 1031 esse

171 1071 343 1158 quandam
360 1069 499 1153 volunt3
521 1089 606 1157 quae
623 1068 760 1156 quidem
778 1073 831 1134 est
848 1087 926 1134 oum
941 1067 1059 1133 multis
1075 1067 1112 1132 in
1128 1087 1177 1134 re

171 1171 243 1253 bus,
252 1177 327 1238 tum
334 1172 371 1236 in
379 1171 529 1238 amicitia
538 1176 657 1238 tenera
667 1176 769 1259 atque
780 1169 976 1253 tractabilis,
984 1173 1023 1235 ut
1032 1173 1067 1236 et
1078 1168 1176 1235 bonis

170 1274 271 1340 amici
292 1274 387 1362 quasi
409 1273 621 1338 diffundatur
642 1275 677 1338 et
698 1271 919 1339 incommodis
944 1271 1174 1338 contrahatur.

171 1375 283 1454 Quam
297 1376 342 1441 ob
355 1396 429 1442 rem
442 1395 550 1463 angor
563 1374 637 1457 iste,
650 1374 708 1463 qui
724 1395 787 1462 pro
805 1374 914 1440 amico
930 1394 1030 1461 saepe
1046 1373 1176 1461 capien·
1185 1393 1220 1441 ro

170 1476 233 1543 dus
250 1482 310 1561 est,
326 1498 396 1543 non
412 1480 549 1543 tantum
565 1477 667 1560 valet,
682 1482 721 1543 ut
739 1476 839 1542 tollat
857 1476 963 1543 evita
978 1476 1174 1560 amicitiam,

169 1599 240 1645 non
260 1579 456 1667 plusquam
476 1582 516 1644 ut
533 1579 687 1663 virtutes,
702 1579 782 1666 quia
803 1587 873 1645 non
894 1579 1005 1646 nullas
1026 1599 1122 1645 curas
1138 1585 1175 1646 11

169 1685 341 1752 molestias
357 1685 525 1769 adierunt,
540 1685 768 1773 repudientur.

116 1782 169 1850 14·
213 1789 300 1855 Oum
321 1791 436 1854 autem
457 1787 636 1855 contrahat
658 1788 853 1872 amicitiam,
871 1792 911 1855 ut
930 1808 1032 1875 supra
1048 1786 1129 1872 dixi,
1144 1788 1175 1855 si

168 1913 236 1980 qua
258 1891 464 1980 significatio
486 1891 623 1958 virtutis
646 1891 784 1974 eluceat,
805 1890 849 1956 ad
871 1911 975 1979 quam
996 1911 1033 1958 se
1054 1891 1218 1959 similium

168 1995 302 2061 animus
324 1994 471 2083 adplicet
494 1998 528 2060 11
551 1995 725 2082 adiungat,
744 1994 782 2059 id
803 2015 882 2059 cum
904 1993 1058 2082 contigit,
1077 2014 1175 2061 amor

120 2097 342 2163 49exoriatur
372 2116 507 2162 necesse
535 2100 596 2162 est.
648 2096 739 2175 Quid
767 2096 858 2162 enim
886 2100 959 2162 tam
990 2096 1175 2163 absurdum

169 2218 272 2286 quam
293 2198 454 2263 delectari
475 2198 591 2264 multis
612 2197 769 2264 inanibus
791 2199 900 2282 rebus,
917 2201 957 2263 ut
978 2198 1116 2283 honore,
1131 2202 1175 2265 ut

169 2299 288 2386 gloria,
304 2302 343 2363 ut
363 2299 528 2382 aedificio,
546 2304 586 2364 ut
603 2301 729 2366 vestitu
750 2300 909 2388 cultuque
930 2300 1089 2388 corporis,
1103 2300 1175 2367 ani-

169 2405 286 2466 mante
306 2401 434 2467 virtute
455 2401 619 2489 praedite,
638 2403 754 2491 coqui
774 2404 830 2470 vel
850 2424 964 2470 amare
985 2403 1050 2487 vel,
1064 2408 1104 2469 ut
1123 2402 1219 2471 itam

169 2503 290 2587 dicam,
319 2503 493 2570 redamare
526 2505 642 2592 possit,
671 2526 741 2572 non
772 2507 955 2573 admodum
989 2506 1174 2574 delectari?

170 2605 269 2671 Nihil
286 2611 338 2673 est
356 2607 447 2672 enim
463 2609 734 2676 remuneratione
753 2610 1008 2694 benivolentiae,
1024 2609 1111 2675 nihil
1126 2610 1176 2677 vi-

121 2721 160 2774 50
170 2709 363 2777 cissitudine
377 2708 566 2777 studiorum
581 2712 834 2801 officiorumque
847 2712 1033 2779 iucundius.
1072 2712 1174 2798 Quid,

169 2813 198 2879 si
214 2813 300 2879 illud
319 2814 423 2881 etiam
444 2812 608 2898 addimus,
624 2815 716 2903 quod
736 2821 828 2883 recte
849 2815 929 2882 addi
949 2820 1072 2904 potest,
1086 2815 1176 2883 nihil

170 2936 251 3000 esse,
266 2917 357 3005 quod
378 2918 423 2982 ad
444 2938 573 2985 serem
593 2918 701 2984 ullam
721 2924 795 2985 tam
816 2919 943 2986 alliciat
964 2922 1000 2986 ct
1021 2918 1218 2986 attrahatur

170 3038 273 3106 quam
289 3019 334 3084 ad
353 3020 541 3086 amicitiam
562 3021 772 3088 similitudoi
798 3021 1000 3088 concedetur
1019 3022 1176 3110 profecto

170 3141 288 3187 verum
306 3142 385 3205 esse,
401 3126 440 3188 ut
457 3122 564 3189 bonos
581 3123 663 3188 boni
679 3124 826 3213 diligant
843 3123 1094 3212 adsciscantque
1110 3122 1177 3190 sibi

169 3223 266 3311 quasi
287 3224 540 3311 propinquitate
561 3226 757 3293 coniunctos
779 3231 880 3315 atque
901 3231 1033 3293 natura.
1076 3224 1178 3293 Nihil

169 3329 221 3390 est
236 3325 327 3390 enim
344 3327 558 3413 appetentius
576 3328 737 3394 similium
755 3331 806 3396 sui
824 3351 886 3396 nec
902 3329 1056 3416 rapacius
1072 3346 1178 3417 quam

169 3437 300 3494 natura.
339 3429 449 3508 Quam
464 3430 508 3497 ob
519 3452 592 3497 rem
606 3431 671 3498 hoc
681 3432 826 3520 quidem,
836 3432 946 3498 Fanni
957 3437 992 3498 11
1005 3430 1176 3516 Scaevola,
1185 3452 1224 3503 co

170 3535 311 3615 constet,
331 3536 371 3597 ut
394 3533 523 3620 opinor,
543 3534 641 3601 bonis
665 3535 755 3601 inter
779 3535 886 3602 bonos
909 3533 1005 3623 quasi
1030 3552 1179 3601 necessa-

169 3633 258 3703 riam
278 3633 552 3721 benivolentiam,
571 3637 629 3727 qui
651 3641 702 3705 est
723 3637 892 3704 amicitiae
912 3637 991 3704 fons
1011 3657 1034 3705 a
1053 3639 1179 3705 natura
