2684 4186
161 337 202 400 16
371 333 471 389 CATO
492 332 618 386 MAIOR
639 333 692 386 DE
714 331 942 388 sannorum.

160 485 257 568 servi,
269 485 473 550 verebantur
486 484 593 568 liberi,
606 504 722 551 carum
736 504 852 550 omncs
866 482 1037 550 habebant
1048 505 1056 568 3
1076 483 1167 572 vige-

113 598 150 651 38
160 588 220 653 bat
237 587 273 651 in
287 587 347 652 illa
361 588 463 653 domo
479 608 554 653 mos
570 588 701 675 patrius
718 591 753 652 et
770 586 957 674 disciplina.
1002 585 1058 653 Ita
1075 588 1166 653 enim

159 695 312 756 senectus
333 689 476 756 honesta
497 695 557 773 cst,
573 690 602 756 si
621 711 657 757 se
675 690 749 777 ipsa
769 689 932 772 defendit,
948 689 978 756 si
996 689 1048 755 ius
1068 711 1166 756 suum

159 794 293 877 retinet,
305 793 334 859 si
348 792 476 858 nemini
490 793 703 880 emancipata
716 796 777 875 cst,
790 792 934 879 eiusque
948 791 993 858 ad
1006 792 1166 859 ultimum

159 897 317 984 spiritum
333 895 528 962 dominatur
544 895 581 959 in
598 914 684 961 suos.
729 895 780 961 Ut
797 895 889 960 enim
906 893 1189 980 adulescentem,c

159 999 195 1064 in
210 1019 277 1086 quo
292 1001 343 1064 θεῖ
358 997 462 1064 senile
476 997 614 1085 aliquid,
630 997 678 1063 sic
695 1017 818 1080 senem,
834 997 871 1062 in
885 1017 954 1085 quo
968 1001 1019 1063 θεῖ
1037 998 1165 1086 aliquid

159 1100 392 1184 adulescentia
403 1100 530 1188 pr0b03
552 1099 643 1187 quod
657 1099 715 1187 qui
730 1099 890 1188 sequitur,
907 1120 1046 1187 corpore
1063 1121 1165 1167 senex

159 1224 230 1270 esse
255 1203 391 1290 poterit,
414 1202 528 1266 animo
553 1222 740 1289 numquam
764 1202 839 1267 erit.
885 1202 1055 1289 Septimus
1079 1202 1164 1267 mihi

158 1306 244 1372 liber
270 1305 452 1392 Originum
480 1304 593 1369 estin
617 1304 782 1387 manibus,
806 1304 921 1370 omnia
949 1304 1163 1392 antiquitatis

158 1413 379 1474 monumenta
392 1406 525 1494 colligo,
538 1426 713 1472 causarum
724 1407 926 1490 inlustrium,
938 1428 1164 1495 quascumque
1174 1424 1205 1472 10

158 1509 305 1592 defendi,
320 1528 410 1573 nunc
427 1529 504 1573 cum
520 1508 669 1575 maxime
686 1509 828 1575 conficio
845 1509 1024 1593 orationes,
1039 1509 1092 1575 ius
1108 1530 1164 1576 au-

43 1662 46 1673 .
157 1611 303 1699 gurium,
312 1611 535 1698 pontificium,
544 1611 643 1678 civile
656 1616 776 1695 tract0,
786 1612 933 1678 multum
947 1613 1051 1679 etiam
1062 1613 1163 1679 Grae

158 1715 206 1781 cis
222 1715 345 1780 litteris
365 1720 445 1781 utor
461 1715 823 1803 Pythagoreorumque
843 1737 938 1782 more
959 1715 1163 1782 exercendae

157 1817 340 1884 memoriae
358 1818 480 1906 gratia,
496 1818 578 1907 quid
596 1839 730 1907 quoque
747 1819 802 1884 die
819 1818 972 1902 dixerim,
988 1818 1160 1901 audierim,

158 1920 295 2009 egerim,
322 1941 549 1988 commemoro
580 1922 721 2008 vesperi.
773 1922 869 1987 Haec
897 1926 977 1987 suut
1005 1921 1201 1987 exercitam
1325 1959 1334 1976 =

157 2025 268 2090 tiones
285 2024 423 2111 ingenii,
439 2024 522 2090 haec
539 2024 704 2090 curricula
722 2024 856 2106 mentis,
872 2024 909 2088 in
925 2023 979 2089 his
996 2024 1161 2091 desudans

157 2131 261 2213 atque
279 2126 455 2192 elaborans
476 2126 624 2213 corporis
643 2126 730 2192 vires
751 2147 821 2192 non
841 2145 967 2212 magno
989 2146 1090 2214 opere
1108 2127 1162 2192 de-

157 2228 276 2293 sidero.
323 2227 454 2292 Adsum
482 2227 608 2310 amicis
630 2228 730 2292 venio
758 2228 795 2292 in
819 2231 974 2293 senatum
1002 2228 1161 2315 frequens
1187 2229 1267 2335 J

157 2330 314 2417 ultroque
335 2329 452 2394 adfero
473 2351 526 2395 res
547 2329 693 2394 muitum
713 2333 750 2395 'et
771 2329 830 2394 diu
851 2328 1018 2415 cogitatas
1039 2349 1167 2417 easque,

156 2436 256 2497 tueor
277 2429 391 2514 animi,
412 2452 482 2497 non
504 2431 653 2519 corporis
674 2432 810 2497 viribus.
858 2431 950 2510 Quas
972 2432 1001 2497 si
1024 2432 1159 2519 exsequi
1170 2454 1202 2503 ao

157 2533 341 2621 nequirem,
356 2537 471 2600 tamon
487 2555 543 2600 mc
561 2534 703 2600 lectulus
720 2555 814 2601 meus
831 2533 1015 2600 oblectaret
1034 2554 1074 2600 ea
1086 2533 1161 2622 ipsa

157 2636 375 2724 cogitantem,
391 2657 477 2725 quae
494 2637 563 2703 iam
580 2657 681 2724 agere
697 2657 767 2703 non
783 2655 934 2724 possem3
956 2633 1015 2702 sed
1032 2640 1071 2701 ut
1087 2657 1160 2723 pos·

155 2741 228 2822 sim,
241 2740 324 2805 facit
338 2746 415 2806 acta
427 2741 508 2807 vita.
554 2741 692 2828 Semper
708 2741 800 2806 enim
814 2740 851 2806 in
864 2739 917 2806 his
934 2739 1054 2806 studiis
1070 2740 1161 2806 labo

156 2842 315 2931 ritusque
345 2843 476 2910 viventi
507 2864 577 2910 non
610 2839 822 2931 intellegitur
851 2842 987 2932 quando
1018 2843 1160 2930 obrepat

155 2951 318 3013 senectus.
366 2946 423 3014 Ita
445 2947 568 3013 sensim
594 2947 666 3013 sine
689 2967 789 3013 sensu
813 2951 906 3014 aetas
931 2946 1073 3013 senescit
1098 2963 1199 3011 necat

102 3109 146 3176 12
156 3049 268 3114 subito
285 3049 465 3136 frangitur,
480 3048 539 3115 sed
556 3048 780 3117 diuturnitate
797 3047 1033 3133 exstinguitur.

109 3197 146 3250 39
200 3151 360 3238 Sequitur
387 3151 490 3217 tertia
517 3152 723 3237 vituperatio
751 3153 941 3233 senectutis,
964 3153 1056 3240 quod
1084 3173 1160 3218 eam

155 3273 268 3318 carcre
297 3252 414 3317 dicunt
443 3252 684 3340 voluptatibus.
738 3254 767 3319 O
797 3252 1007 3341 praeclarum
1037 3273 1159 3318 munus

155 3355 287 3437 aetatis
303 3354 468 3441 siquidem
485 3354 521 3418 id
538 3354 650 3420 aufert
665 3374 686 3419 a
699 3355 806 3438 nobis,
818 3354 909 3442 quod
927 3359 978 3420 θεῖ
995 3355 1032 3419 in
1049 3355 1160 3421 adule-

155 3457 284 3523 scentia
299 3457 570 3522 vitiosissimum!
615 3456 772 3544 Accipite
793 3457 894 3539 enim,
909 3457 1032 3544 optimi
1049 3458 1201 3525 adulo-ao

155 3565 294 3643 scentes
304 3564 453 3626 veterem
464 3560 652 3626 orationem
663 3560 838 3648 Archytae
849 3559 1033 3644 Tarentini,
1043 3561 1160 3649 magni

154 3663 323 3752 inprimis
340 3668 375 3730 et
392 3663 556 3751 praeclari
571 3662 644 3747 viri,
657 3683 743 3752 quac
760 3663 845 3730 mihi
861 3662 989 3735 tradita
1005 3668 1159 3749 osteum
