2714 4216
504 344 588 401 oar.
601 344 697 410 11,1a
731 346 851 416 susa
1139 349 1182 413 53

176 497 291 588 Igitur
310 519 354 566 ne
374 497 536 588 suspicari
552 498 691 588 quidem
710 519 888 586 possumus
904 519 1109 588 quemquam
1124 497 1182 564 ho

174 602 304 668 mmab
312 602 422 668 amico
429 602 604 691 quippiam
614 602 834 684 contendisse,
840 602 932 689 quod
940 608 1060 668 contra
1066 602 1180 685 fidem,

176 709 295 771 contra
304 704 356 771 ius
366 705 557 788 iurandum,
566 709 685 770 contra
694 724 768 770 rem
777 705 949 792 publicam
959 709 1056 771 esset.
1089 704 1183 771 Nam

174 807 241 874 hoc
255 808 392 897 quidem
405 808 443 873 in
455 807 581 874 talibus
594 807 677 874 viris
690 807 772 894 quid
787 807 918 873 adtinet
933 806 1093 891 dicere,si
1107 828 1182 873 oon-

151 911 347 994 steudisset,
363 910 625 998 impetraturum
644 930 714 976 non
735 909 860 977 fuisset
886 931 963 975 cum
980 910 1031 974 illi
1047 911 1183 976 sanctis

175 1012 253 1079 simi
267 1013 332 1080 viri
348 1013 486 1097 fuerint,
498 1033 605 1100 aeque
618 1017 734 1079 autem
750 1013 848 1079 nefas
862 1013 907 1079 sit
921 1013 992 1079 tale
1005 1012 1133 1101 aliquid
1146 1017 1182 1078 et

174 1114 287 1180 facere
307 1120 467 1204 rogatum
488 1120 523 1180 et
544 1135 674 1203 rogare.
718 1114 770 1180 At
791 1136 874 1182 vero
895 1115 969 1181 Tib.
989 1114 1182 1180 Gracchum

174 1217 401 1306 sequebantur
415 1217 452 1284 O.
463 1217 583 1301 Oarbo,
595 1218 632 1284 Ο.
644 1218 740 1301 Cato,
752 1222 788 1284 et
801 1218 942 1285 minime
954 1222 1031 1284 tum
1044 1217 1182 1304 quidem

174 1340 252 1387 acer
265 1320 302 1387 Ο.
318 1320 445 1404 imter3
466 1341 556 1386 nunc
569 1321 662 1387 idem
674 1321 866 1387 acerrimus.

136 1439 167 1486 10
216 1423 313 1490 Haec
323 1423 430 1510 igitur
443 1422 499 1489 lex
508 1423 545 1488 in
559 1423 710 1490 amicitia
723 1424 903 1508 sanciatur,
914 1428 953 1490 ut
963 1443 1074 1512 neque
1086 1442 1181 1511 roge
1189 1384 1235 1528 ἐξ

173 1543 249 1592 mus
273 1547 328 1592 res
350 1532 468 1614 turpes
493 1546 556 1592 nec
583 1526 747 1592 faciamus
771 1527 893 1614 rogati.
941 1526 1064 1614 'lm-pis
1088 1526 1180 1591 enim

174 1628 345 1695 excusatio
359 1632 457 1694 estet
470 1628 611 1694 minime
625 1628 820 1716 accipienda
833 1650 912 1694 oum
926 1629 962 1693 in
973 1629 1094 1694 ceteris
1106 1649 1180 1714 pec

174 1731 269 1814 catis,
280 1734 356 1796 tum
369 1729 399 1795 si
412 1729 487 1816 quis
502 1735 622 1796 contra
639 1751 711 1796 rem
728 1730 899 1817 publicam
911 1751 948 1796 se
962 1731 1062 1796 amici
1079 1751 1180 1796 causa

174 1831 294 1898 fecisse
311 1832 470 1898 fateatur.
515 1830 653 1896 Etenim
670 1853 711 1897 eo
728 1831 811 1915 loco,
827 1831 937 1897 Fanni
954 1836 989 1897 et
1010 1831 1178 1914 Scaevola,

134 1933 277 2004 relocati
290 1954 414 2018 sumus,
425 1938 465 1999 ut
479 1953 541 1999 nos
555 1933 657 2022 longe
670 1933 861 2021 prospicere
876 1937 1031 2020 oporteat
1046 1932 1180 1999 futuros

174 2058 271 2104 casus
280 2037 330 2103 rei
339 2035 503 2124 publicae.
539 2034 689 2102 Deflexit
703 2036 773 2101 iam
787 2035 999 2125 aliquantum
1013 2035 1055 2101 de
1069 2035 1180 2121 spatio

174 2140 405 2229 curriculoque
437 2137 644 2207 consuetudo
675 2139 853 2204 maiorum.
908 2138 983 2204 Tib.
1007 2137 1178 2203 Gracchus
1188 2152 1225 2206 41

173 2263 317 2331 regnum
334 2263 496 2332 occupare
517 2246 658 2308 conatus
675 2245 735 2326 est,
751 2242 806 2308 vel
822 2242 979 2331 regnarit
995 2241 1025 2307 is
1042 2241 1178 2330 quidem

173 2366 297 2436 paucos
318 2365 459 2413 meuses.
503 2344 599 2412 Num
616 2345 699 2434 quid
716 2345 825 2411 simile
841 2344 986 2433 populus
1003 2344 1178 2411 Romanus

133 2449 325 2518 soaudicrat
339 2454 399 2516 aut
409 2448 563 2516 viderati
596 2446 700 2514 Hunc
710 2449 814 2515 etiam
824 2453 1058 2536 postmortem
1072 2448 1178 2514 secuti

173 2553 273 2619 amici
291 2556 326 2619 et
342 2552 524 2643 propinqui
539 2550 621 2639 quid
634 2551 671 2616 in
685 2551 725 2617 P.
739 2551 895 2638 Scipione
912 2551 1094 2634 effecerint,
1106 2551 1178 2616 sine

173 2655 319 2723 lacrimis
340 2675 411 2720 non
427 2675 514 2742 queo
533 2655 653 2720 dicere.
697 2653 790 2720 Nam
808 2653 1007 2736 Carbonem,
1024 2673 1180 2740 quocum-

173 2778 239 2844 que
259 2756 372 2823 modo'
385 2757 566 2843 potuimus,
584 2759 724 2843 propter
746 2759 917 2820 recentem
937 2774 1082 2840 poenam
1104 2754 1177 2820 Tib.

175 2857 321 2924 Gracchi
338 2857 576 2939 sustinuimus3
598 2856 641 2923 de
658 2857 696 2924 Ο.
710 2855 855 2922 Gracchi
871 2860 987 2922 autem
1003 2856 1179 2921 tribunatu

133 2979 165 3027 25
174 2960 257 3049 quid
271 2964 471 3048 exspectem,
481 2979 551 3025 nou
561 2958 656 3025 lubet
671 2958 838 3046 augurari.
878 2958 989 3045 Serpit
1003 2958 1040 3023 id
1050 2958 1087 3022 iu
1097 2959 1177 3043 dies,

173 3083 293 3152 resque
306 3061 465 3151 proclivis
482 3061 526 3128 ari
542 3061 735 3150 perniciem,
751 3081 829 3127 cum
843 3061 946 3127 semel
963 3061 1083 3149 coepit,
1098 3061 1179 3128 labi-

53 3184 55 3188 ’
172 3170 239 3232 tur.
283 3165 428 3247 Videtis,
450 3164 487 3229 in
511 3164 638 3231 tabella
665 3165 734 3230 iam
760 3169 839 3230 ante
864 3169 993 3252 quanta
1016 3164 1061 3230 sit
1086 3165 1178 3233 facta

173 3269 274 3351 labes,
286 3268 397 3355 primo
413 3267 560 3334 Gabinia
576 3267 661 3356 lege,
673 3267 810 3334 biennio
827 3273 942 3333 autem
958 3273 1036 3355 post
1051 3268 1174 3336 Cassia

173 3370 299 3438 Videre
327 3371 397 3436 iam
424 3369 543 3436 videor
572 3369 737 3461 populum
764 3391 785 3437 a
814 3375 934 3437 senatu
962 3371 1175 3455 disiunctum,

133 3473 400 3542 aomultitudinis
421 3473 563 3540 arbitrio
584 3494 637 3540 res
655 3474 821 3540 maximas
838 3473 904 3562 agi.
949 3472 1069 3540 Plures
1086 3475 1178 3540 enim

172 3575 310 3659 discent,
326 3596 426 3662 quem
447 3575 491 3642 erl
512 3576 652 3641 modum
672 3576 755 3642 haec
776 3576 872 3659 fiant,
888 3595 991 3663 quam
1011 3595 1112 3663 quem
1133 3575 1178 3640 ad

172 3678 311 3746 modum
336 3679 377 3745 iis
405 3678 590 3745 resistatur.
638 3677 807 3758 Quorsum
835 3678 941 3745 haecl
988 3677 1077 3758 Quia
1104 3677 1177 3744 sine
1186 3688 1223 3744 42
