2684 4186
181 334 223 397 64
459 328 621 384 11111111
643 328 696 383 on
718 327 904 383 Anicium

179 470 256 548 cum
267 481 396 569 cogniti
411 484 536 548 suntet
548 480 758 546 autdeorum
768 483 828 546 eut
838 500 959 568 regum
969 479 1034 545 filii
1043 478 1184 564 inventi,

178 585 327 651 retinent
340 590 455 650 tamen
470 582 647 649 caritatem
661 583 697 646 in
707 589 869 670 pastores,
877 603 961 670 quos
974 587 1089 672 patres
1102 582 1186 648 mul-

177 690 233 752 tos
254 707 360 752 annos
383 706 454 751 esse
477 685 655 750 duxerunt.
701 684 802 763 Quod
824 689 876 750 est
899 685 1008 751 multo
1030 685 1186 773 profecto

176 789 286 877 magis
300 789 337 853 in
350 788 438 854 veris
452 787 606 875 patribus
621 786 787 875 certisque
801 786 1003 854 faciendum.
1041 787 1185 853 Fructus

177 893 268 958 enim
290 892 417 980 ingenii
440 896 475 957 et
496 890 635 957 virtutis
659 890 836 976 omnisque
859 891 1087 978 praestantiae
1109 895 1185 958 tum
1211 908 1227 954 o

176 1015 354 1060 maxumus
376 994 518 1081 capitur,
538 1014 617 1059 cum
638 992 675 1058 in
696 1012 900 1081 proxumum
921 1012 1087 1081 quemque
1109 1014 1185 1059 con-

176 1097 294 1163 fertur.

121 1178 166 1245 2⁰
219 1199 270 1266 ut
287 1199 393 1287 igitur
409 1197 443 1282 11,
459 1198 518 1286 qui
535 1202 615 1265 sune
632 1197 669 1262 in
685 1197 855 1264 11111111
872 1197 1183 1288 coniunctionisqne

151 1269 420 1366 lnecessitudine
440 1300 639 1388 superiores,
655 1320 841 1388 exaequare
863 1320 899 1366 se
920 1321 998 1366 oum
1018 1299 1184 1368 1111111111-

175 1401 238 1468 bus
262 1402 397 1486 debcnt,
417 1401 465 1468 sic
490 1401 667 1467 inferiores
693 1422 763 1467 non
788 1401 902 1468 dolere
926 1422 963 1468 se
985 1423 1007 1467 a
1029 1401 1097 1469 suis
1122 1409 1182 1470 aut
1194 1422 1226 1470 10

174 1504 312 1593 ingenio
329 1509 389 1570 aut
406 1504 546 1570 fortuna
560 1508 620 1569 aut
638 1503 807 1591 dignitate
821 1504 984 1592 superari.
1029 1504 1183 1583 Quorum

174 1605 326 1694 plerique
347 1609 407 1671 aut
424 1610 610 1693 queruntur
631 1625 763 1693 semper
784 1605 990 1694 aliquidaut
1007 1607 1112 1673 etiam
1128 1629 1183 1674 ex-

173 1710 347 1797 probrant,
363 1729 470 1798 eoque
487 1708 606 1797 magis,
622 1708 651 1774 si
668 1708 793 1775 habere
810 1729 846 1775 se
862 1714 996 1798 putant,
1008 1709 1099 1798 quod
1112 1710 1183 1776 offi-

174 1813 263 1879 ciose
276 1815 312 1878 et
327 1811 433 1878 amice
447 1817 570 1878 etcum
583 1811 699 1878 labore
713 1811 827 1899 aliquo
841 1832 902 1878 suo
916 1811 1048 1878 factum
1057 1817 1183 1900 queant

174 1915 293 1982 dicere.
339 1914 503 1980 Odiosum
520 1934 600 1980 sane
618 1934 726 2002 genus
743 1913 920 1980 hominum
937 1912 1049 1981 officia
1065 1934 1183 2003 expro
1194 1932 1225 1980 11

174 2017 365 2100 brantium3
390 2037 476 2103 quae
493 2017 685 2083 meminisse
702 2015 804 2083 debet
821 2016 859 2099 is,
874 2015 911 2081 in
928 2036 1030 2104 quem
1046 2016 1183 2084 conlatu

127 2129 164 2190 '1¹2
175 2124 264 2202 sunt,
275 2138 345 2184 non
358 2139 630 2202 commemorare,
642 2119 700 2206 qui
715 2118 869 2185 contulit.
914 2117 1026 2198 Quam
1040 2119 1181 2205 obrem,

174 2224 214 2285 ut
238 2221 273 2303 ii,
293 2221 351 2307 qui
376 2220 563 2307 superiores
588 2224 677 2304 sunt,
699 2220 912 2287 summittere
936 2242 973 2287 se
997 2221 1122 2289 debent
1144 2222 1183 2288 in

174 2322 333 2404 amicitia,
345 2322 393 2387 sic
407 2322 554 2409 quodam
568 2323 670 2388 modo
683 2323 860 2390 interiores
877 2323 1048 2392 extollere.
1094 2324 1183 2391 Sunt

175 2426 267 2491 enim
280 2425 498 2512 quida1n‚qui
512 2425 672 2492 molestas
689 2426 855 2493 amicitias
871 2427 1012 2512 iaciunt,
1024 2447 1102 2494 cum
1115 2428 1182 2517 ipsi
1191 2445 1225 2494 sc

175 2549 211 2594 sc
225 2527 397 2593 contemni
411 2532 553 2615 putant3
575 2529 666 2616 quod
683 2549 754 2594 non
770 2529 843 2596 iere
860 2529 1030 2618 contingit
1046 2530 1112 2597 nisi
1128 2531 1180 2616 iis,

175 2632 233 2719 qui
250 2632 354 2698 etiam
371 2631 635 2698 contemnendos
652 2653 688 2698 se
705 2632 934 2716 arbitrantur3
956 2632 1015 2721 qui
1031 2632 1096 2700 hac
1112 2633 1183 2722 opi·

174 2735 276 2801 nione
292 2755 362 2800 non
378 2734 482 2801 modo
495 2735 617 2818 verbis,
629 2734 688 2801 sed
702 2735 806 2801 etiam
820 2755 921 2822 opere
937 2734 1073 2801 levandi
1089 2742 1179 2803 sunt.

127 2843 163 2905 73
175 2838 323 2904 Tantum
339 2842 455 2905 autem
471 2838 591 2926 cuique
607 2837 834 2920 tribuendum,
849 2836 998 2924 primum
1015 2841 1182 2925 quantum

174 2941 245 3028 ipse
263 2941 395 3007 efficere
415 2940 532 3028 possis,
548 2940 671 3006 deinde
692 2940 795 3006 etiam
813 2942 979 3026 quantum
998 2939 1064 3023 ille,
1080 2954 1223 3027 quemue

173 3044 295 3131 diligas
312 3048 415 3130 atque
433 3043 581 3126 adiuves,
594 3042 766 3110 sustinere.
811 3040 893 3107 Non
910 3040 1002 3107 enim
1019 3062 1128 3130 neque
1140 3046 1180 3108 tn

171 3146 288 3235 possis,
305 3145 459 3233 quamvis
481 3145 635 3228 excellas,
651 3165 766 3211 onmes
788 3148 865 3209 tuos
884 3143 929 3209 ad
947 3143 1093 3210 honores
1112 3164 1182 3211 am·

171 3248 339 3336 piissimos
353 3247 544 3335 perducere,
556 3250 595 3312 ut
611 3247 723 3334 Scipio
737 3246 776 3313 P.
787 3246 964 3334 Rupilium
978 3247 1091 3335 potuit
1102 3267 1182 3314 oon·

171 3350 278 3416 sulem
289 3348 429 3432 efficere,
439 3348 583 3414 fratrem
594 3348 664 3414 eius
676 3348 816 3414 Lucium
824 3369 894 3414 non
904 3349 1026 3436 potuit.
1051 3349 1182 3429 Quodsi

172 3452 276 3518 etiam
290 3450 397 3538 possis
412 3450 545 3539 quidvis
560 3450 692 3517 deferre
706 3452 750 3517 ad
763 3451 917 3535 alterum,
930 3451 1115 3519 videndum
1128 3456 1181 3519 est
1191 3468 1226 3517 eo

172 3562 298 3640 tamen,
309 3555 392 3644 quid
405 3557 464 3623 ille
477 3557 584 3646 possit
599 3556 770 3623 sustinere.

123 3675 162 3736 ’14
216 3661 365 3730 Omnino
386 3663 555 3731 amicitiae
577 3662 801 3731 corroboratis
817 3662 887 3728 iam
906 3662 1182 3752 confirmatisque
