2714 4216
448 367 451 372 -
507 328 589 385 cAP.
604 329 693 384 ill-21.
728 329 846 398 §ld-lb.
1137 334 1178 396 65

175 486 211 548 et
232 480 376 570 ingeniis
400 485 436 547 et
460 479 628 547 aetatibus
653 479 852 547 iudicandae
872 485 961 565 sunt,
980 502 1051 566 nec,
1069 482 1099 548 si
1120 483 1178 571 qui

174 583 314 650 ineunte
330 587 442 650 aetate
455 582 602 650 venandi
618 586 678 648 aut
695 583 786 670 pilae
803 584 944 650 studiosi
961 585 1109 669 fuerunt,
1121 607 1178 652 eos

175 685 299 752 habere
320 685 532 769 necessarios,
547 705 631 773 quos
648 690 724 749 tum
741 685 859 751 eodem
876 686 989 752 studio
1007 688 1178 775 praeditos

175 788 375 855 dilexerunt.
419 787 492 854 Isto
515 787 607 854 enim
631 786 732 854 modo
758 788 906 854 nutrices
928 793 964 854 et
988 790 1179 878 paedagogi

150 891 247 958 eiuro
267 890 447 958 vetustatis
467 889 652 977 plurimum
672 889 920 956 benivolentiae
940 890 1178 979 postulabunt3

153 1069 155 1073 ¹
174 995 232 1083 qui
244 993 444 1083 neglegendi
453 993 589 1080 quidem
598 1013 668 1058 non
676 992 910 1076 sunt,sedalio
921 993 1068 1081 quodam
1077 995 1179 1060 modo

174 1095 394 1163 aestimandi.
437 1095 551 1162 Aliter
564 1095 732 1162 amicitiae
746 1095 882 1161 stabiles
899 1117 1096 1184 permanere
1109 1118 1179 1163 non

173 1204 324 1288 possunt.
368 1198 529 1288 Dispares
557 1199 649 1263 enim
676 1219 788 1264 mores
817 1198 966 1287 disparia
994 1199 1107 1266 studia
1131 1221 1178 1266 se

173 1306 332 1390 quuntur,
358 1323 502 1390 quorum
534 1300 772 1369 dissimilitudo
805 1299 962 1368 dissociat
991 1302 1177 1387 amicitias3

135 1422 235 1472 ronec
257 1405 302 1472 ob
324 1404 427 1471 aliam
449 1425 584 1471 causam
605 1404 714 1470 ullam
735 1403 817 1470 boni
839 1404 1010 1492 improbis,
1030 1405 1177 1493 improbi

173 1508 270 1576 bonis
284 1508 384 1574 amici
399 1528 553 1574 essenon
567 1512 717 1595 possunt,
729 1507 794 1573 nisi
805 1507 896 1594 quod
909 1513 1008 1574 tanta
1022 1512 1073 1574 est
1087 1509 1177 1576 inter

173 1632 240 1695 eos,
251 1616 379 1699 quanta
392 1609 541 1676 maxima
554 1614 667 1697 potest
682 1630 908 1692 esse,1norum
922 1611 1176 1700 studiorumque

173 1713 345 1779 distantia.
389 1712 496 1778 Recte
518 1711 623 1777 etiam
644 1712 792 1798 praecipi
814 1715 927 1799 potest
949 1713 986 1777 in
1008 1713 1174 1799 amicitiis,
1187 1723 1222 1780 75

173 1835 217 1881 ne
234 1815 459 1902 intemperata
475 1812 641 1901 quaedam
657 1812 894 1896 benivolentia,
909 1814 1000 1901 quod
1018 1835 1176 1904 persaepe

134 1933 165 1982 m
174 1917 226 2001 fit,
237 1916 401 2004 impediat
415 1935 556 2003 magnas
570 1913 736 1980 utilitates
750 1915 945 1980 amicorum.
987 1915 1061 1981 Nec
1075 1917 1174 2002 enim,

173 2023 213 2085 ut
236 2019 280 2086 ad
302 2017 435 2085 fabulas
459 2017 604 2100 redeam,
625 2016 763 2083 Troiam
786 2016 1032 2104 Neoptolemus
1057 2039 1176 2106 capere

165 2127 346 2210 potmsset,
366 2121 396 2187 si
418 2118 652 2209 Lycomedem,
673 2119 764 2207 apud
786 2140 887 2208 quern
910 2125 984 2186 erat
1006 2122 1174 2207 educatus,

171 2223 288 2289 mulus
311 2243 389 2288 cum
411 2220 559 2288 lacrimis
584 2221 650 2286 iter
672 2241 770 2287 suurn
794 2221 1037 2309 impedientem
1059 2221 1176 2290 audire

171 2323 340 2392 voluisset.
384 2323 430 2390 Et
444 2344 542 2411 saepe
556 2323 709 2389 incidunt
722 2344 867 2412 magnae
880 2345 943 2408 ree,
955 2329 994 2390 ut
1008 2325 1176 2392 disceden-

132 2437 165 2486 20
171 2428 253 2494 dum
266 2429 311 2494 sit
326 2428 369 2494 ab
383 2427 518 2510 amicis,
540 2447 625 2515 quas
638 2427 697 2514 qui
713 2426 877 2514 impedire
890 2427 974 2511 vult,
986 2429 1078 2516 quod
1092 2429 1175 2495 desi-

171 2530 302 2598 derium
322 2551 392 2595 non
412 2530 514 2596 facile
534 2530 633 2613 ferat,
648 2530 677 2595 is
695 2533 730 2595 et
746 2529 902 2596 infirmus
923 2536 974 2595 est
995 2530 1173 2620 mollisque

171 2637 293 2700 natura
313 2636 349 2698 et
370 2631 415 2697 ob
436 2652 512 2697 eam
532 2630 641 2718 ipsam
666 2650 801 2696 causam
821 2631 859 2695 in
879 2631 1029 2697 amicitia
1046 2640 1174 2719 'parum

170 2734 289 2800 iustus.
333 2734 449 2820 Atque
463 2736 500 2796 in
513 2732 607 2797 omni
624 2751 661 2796 re
678 2731 956 2797 considerandum
971 2736 1031 2814 est,
1043 2737 1078 2797 et
1093 2729 1175 2820 quid
1185 2743 1221 2800 76

172 2835 322 2924 postules
335 2833 379 2899 ab
393 2832 502 2898 amico
516 2831 647 2919 etquid
660 2832 791 2919 patiare
806 2853 827 2897 a
840 2836 876 2897 te
890 2832 1073 2919 impetrari.

132 2952 164 2999 as
215 2936 278 3002 Est
292 2935 397 3001 etiam
411 2933 576 3021 quaedam
593 2932 766 3000 calamitas
780 2933 816 2998 in
832 2933 990 2999 amicitiis
1005 2934 1175 3002 dimitten·
1184 2940 1227 3008 21

173 3041 225 3106 dis
239 3058 309 3104 non
323 3056 506 3124 numquam
521 3035 725 3118 necessaria3
747 3035 816 3100 iarn
831 3034 922 3100 enim
937 3056 958 3101 a
971 3036 1175 3124 sapientium

172 3138 461 3208 familiaritatibus
486 3137 530 3204 ad
554 3136 711 3226 vulgares
735 3135 900 3202 amicitias
926 3139 1035 3204 oratio
1060 3145 1176 3208 nostra

172 3243 349 3312 delabitur.
394 3240 586 3328 Erumpunt
610 3261 708 3328 saepe
728 3240 814 3307 vitia
836 3239 1021 3306 amicorum
1043 3247 1117 3309 tum
1139 3243 1176 3309 in

172 3348 263 3436 ipsos
277 3345 411 3428 amicos
422 3349 498 3410 turn
508 3345 544 3408 in
559 3343 695 3426 alienos,
705 3364 849 3430 quorum
863 3348 979 3410 tamen
993 3345 1037 3411 ad
1051 3345 1176 3412 amicos

133 3468 165 3514 ao
172 3447 338 3516 redundet
353 3446 502 3513 infamia.
548 3445 646 3512 Tales
663 3445 770 3533 igitur
786 3444 955 3512 amicitiae
972 3450 1051 3512 sunt
1064 3449 1177 3514 remis

173 3553 267 3619 sione
291 3571 370 3616 usus
399 3548 560 3615 eluendae
585 3557 630 3631 et,
653 3552 692 3613 ut
718 3547 885 3614 Catonem
913 3548 1023 3615 dicere
1051 3551 1176 3634 audivi,

172 3653 371 3724 dissuendae
395 3651 505 3738 magis
527 3671 630 3739 quam
655 3649 902 3734 discindendae,
924 3650 989 3718 nisi
1012 3652 1174 3739 quaedam
