2684 4186
167 349 187 411 6
373 340 620 398 0110111101
640 340 693 394 nn
715 339 944 396 suanorum.

764 452 819 490 mr...
838 448 883 489 mu,

166 515 288 584 agrum
305 494 480 561 Picentem
502 498 537 559 et
558 492 728 560 Gallicum
745 450 882 559 viritim
896 496 1014 559 contra
1034 497 1169 560 senatus

167 598 406 664 auctoritatem
431 596 615 681 dividenti;
639 616 812 683 augurque
839 616 916 660 cum
941 599 1037 678 esset,
1060 596 1171 662 dicere

167 721 266 767 ausus
284 704 335 766 est
352 699 490 787 optimis
508 698 664 786 auspiciis
683 718 724 764 ea
743 698 825 785 geri,
841 718 928 785 quae
944 719 1007 787 pro
1023 699 1073 765 rei
1090 700 1172 786 pub

167 803 252 868 licac
274 802 383 868 salute
408 805 627 889 gererentur3
653 820 740 887 quae
764 805 883 867 contra
905 821 978 865 rem
1000 801 1171 888 publicam

123 905 346 988 referrentur,
369 908 488 969 contra
516 902 664 991 auspicia
692 903 787 969 ferri:
835 901 948 968 Multa
973 902 1009 967 in
1034 924 1074 969 eo
1099 904 1195 970 viros

167 1007 340 1096 praeclara
360 1005 524 1094 cognovi3
546 1005 603 1072 sed
621 1005 709 1070 nihil
728 1005 969 1089 admirabilius,
985 1025 1087 1092 quam
1105 1026 1172 1093 quo

168 1110 270 1198 modo
291 1109 350 1175 ille
371 1113 518 1174 mortem
539 1108 603 1172 filii
624 1108 714 1191 tulit,
730 1107 813 1173 clari
834 1107 900 1173 viri
922 1112 956 1173 et
978 1108 1170 1175 consularis.

169 1212 232 1278 Est
255 1211 292 1277 in
316 1210 472 1277 manibus
494 1209 655 1292 laudatio,
672 1229 773 1297 quam
796 1229 874 1274 cum
896 1208 1049 1297 legimus,
1071 1231 1174 1299 quern

168 1312 409 1402 philosophum
436 1331 506 1376 non
535 1311 801 1377 contemnimust
845 1309 920 1377 Nec
944 1332 1026 1378 vero
1054 1311 1113 1378 ille
1136 1311 1173 1377 in

169 1416 244 1480 luce
264 1414 366 1480 modo
388 1418 489 1501 atque
510 1413 547 1477 in
568 1413 673 1478 oculis
693 1413 818 1479 civium
838 1433 991 1501 magnus,
1007 1415 1066 1480 sed
1082 1414 1173 1481 intus
1184 1434 1214 1480 10

170 1516 328 1604 domique
355 1516 594 1603 praestantior,
619 1515 703 1594 ,Qui
733 1536 852 1600 sermo,
871 1537 957 1603 quae
984 1522 1172 1606 praecepta,

170 1623 299 1708 quanta
330 1599 455 1684 no'titia
486 1619 710 1706 antiquitatis,
741 1619 881 1685 scientia
911 1619 994 1685 iuris
1023 1620 1172 1708 augurii!

170 1720 303 1788 Multae
320 1722 431 1806 etiam,
447 1726 487 1787 ut
502 1723 538 1787 in
551 1722 689 1788 homine
704 1721 869 1806 Romano,
886 1723 1038 1806 litterae3
1061 1724 1175 1789 omnia

170 1826 334 1892 memoria
349 1826 487 1892 tenebat
504 1846 574 1891 non
591 1825 775 1892 domestica
791 1825 910 1909 solum,
925 1826 985 1891 sed
1002 1827 1105 1892 etiam
1122 1847 1175 1892 cx-

171 1933 269 1996 terna
283 1928 380 1995 bella.
426 1929 530 1995 Cuius
544 1949 697 1995 sermone
714 1929 765 1995 ita
782 1928 901 2017 cupide
918 1929 1064 2012 fruebar,
1081 1929 1215 2018 quasin

171 2032 241 2097 iam
257 2031 454 2115 divinarem,
463 2032 499 2096 id
514 2032 604 2119 quod
619 2031 741 2123 evenit,
750 2030 811 2097 illo
828 2031 979 2096 extincto
993 2032 1076 2114 fore,
1086 2032 1176 2098 unde

142 2107 344 2215 ⁵discerem,
359 2134 537 2198 neminem.
583 2105 733 2211 Qudlslss
750 2132 856 2218 igitur
872 2130 957 2196 haec
974 2137 1046 2197 tam
1067 2134 1177 2197 multa

98 2246 100 2249 ·
126 2196 162 2248 13
173 2236 216 2301 de
233 2235 406 2300 Maximol
450 2234 539 2313 Quia
556 2234 711 2321 profecto
729 2233 852 2299 videtis
874 2233 970 2298 nefas
992 2253 1063 2300 esse
1083 2234 1177 2299 diOlU

172 2338 331 2403 miseram
344 2336 449 2402 fuisse
461 2336 567 2402 talem
582 2338 797 2401 senectutem.
842 2333 916 2400 Nec
930 2339 1047 2400 tamen
1060 2356 1177 2402 omnes

174 2443 314 2528 possunt
329 2459 401 2504 esse
416 2438 587 2525 Scipiones
605 2442 664 2502 aut
679 2436 832 2520 Maximi,
847 2441 887 2502 ut
901 2437 1037 2502 urbium
1054 2459 1178 2526 expug-
1187 2455 1219 2502 20

173 2543 336 2625 1111101111,
352 2546 391 2606 ut
406 2541 576 2628 pedestres
594 2540 773 2607 navalesve
787 2560 929 2628 pugnas,
944 2544 984 2604 ut
998 2539 1088 2606 bella
1105 2563 1126 2607 a
1143 2563 1179 2608 se

173 2650 279 2733 gesta,
301 2649 341 2710 nt
364 2644 554 2731 triumphos
576 2643 804 2713 recordentur.
854 2643 916 2709 Est
939 2643 1043 2709 etiam
1066 2646 1179 2733 quiete

174 2753 209 2815 11
225 2769 310 2836 pure
327 2751 429 2836 atque
446 2748 619 2835 eleganter
636 2750 733 2812 actae
750 2747 872 2813 aetatis
889 2745 1022 2834 placida
1039 2767 1079 2814 ac
1094 2748 1180 2815 lenis

174 2857 336 2936 senectus,
348 2852 484 2941 qualem
501 2850 689 2938 accepimus
704 2848 869 2934 Platonis,
881 2849 939 2937 qui
956 2870 1025 2916 uno
1043 2855 1077 2917 11
1091 2856 1181 2918 octo

174 2954 303 3042 gesimo
325 2976 415 3021 anno
437 2953 583 3022 scribens
606 2958 658 3021 est
673 2959 843 3037 mortuns,
860 2953 994 3042 qualem
1011 2953 1220 3036 Isocratiam

175 3058 234 3144 qui
249 3077 327 3122 eum
340 3056 474 3138 librum,
484 3056 543 3143 qui
558 3055 829 3122 Panathenaicus
844 3055 1047 3138 inscribitur,
1058 3061 1180 3143 quarto

175 3162 211 3224 11
228 3158 446 3244 nonagesimo
463 3178 554 3222 anno
571 3157 741 3243 scripsisse
760 3178 795 3222 sc
817 3157 900 3222 dicit
916 3156 1070 3243 vixitque
1087 3158 1181 3244 quin-

175 3259 359 3348 quennium
376 3262 513 3345 postea3
536 3257 629 3322 cuius
650 3257 814 3343 magister
832 3257 1016 3323 Leontinus
1035 3258 1181 3345 Gorgias

175 3366 312 3429 centum
330 3365 364 3427 11
378 3364 509 3448 septem
526 3359 708 3446 complevit
723 3379 829 3425 annos
846 3370 954 3445 neque
968 3379 1130 3447 umquam
1144 3361 1181 3426 in

176 3485 237 3531 suo
251 3463 363 3529 studio
378 3467 481 3549 atque
494 3482 595 3549 opere
610 3461 761 3527 cessavit.
793 3461 869 3544 Qui,
880 3480 957 3525 cum
971 3481 1014 3526 ex
1029 3459 1069 3527 10
1083 3484 1181 3550 quae-
1190 3485 1222 3531 so

176 3570 383 3650 reretur,cur
393 3570 466 3631 tam
477 3563 535 3629 diu
545 3563 650 3630 vellet
660 3583 732 3629 esse
745 3562 782 3628 in
792 3562 881 3630 vita:
903 3562 1029 3629 “Nihil
1038 3563 1179 3650 habc0,”

176 3669 297 3758 inquit,
314 3671 333 3706 “
342 3669 433 3758 quod
447 3688 600 3736 accusem
616 3666 855 3734 senectutem.''
900 3664 1117 3734 Praeclarum
1133 3689 1182 3736 re
