2684 4186
495 347 579 405 cnP.
593 349 633 413 lt,
647 345 688 404 17.
723 346 844 416 §mot
1134 351 1175 413 61

170 502 290 587 dicere,
306 506 341 569 et
357 501 395 567 in
411 500 479 568 illis
494 499 631 589 quidem
647 499 806 588 potandis
823 498 982 566 adhibere
999 519 1124 583 cunam,
1139 498 1177 564 in

170 605 288 672 amicis
312 603 477 691 eligendis
505 602 718 691 neglegentis
746 623 818 668 esse
843 622 905 668 nec
932 601 1056 668 habere
1081 602 1176 689 quasi

170 708 268 796 signa
284 706 451 795 quaedam
471 710 507 772 et
528 710 637 789 notas,
653 705 774 792 quibus
792 724 858 787 eos,
872 704 932 791 qui
949 704 993 770 ad
1010 704 1175 771 amicitias

169 814 281 876 essent
296 808 419 890 idonei,
430 807 627 873 iudicarent.
666 807 753 873 Sunt
768 806 874 894 igitur
887 806 978 871 firmi
989 810 1024 872 et
1039 806 1176 872 stabiles

145 918 205 977 set
226 915 419 977 constantes
441 910 608 998 eligendi3
633 909 727 975 cuius
747 908 882 995 generis
903 912 955 974 cst
976 928 1102 996 magna
1122 929 1177 996 pe

168 1014 275 1080 nuria
320 1012 366 1078 Et
387 1012 535 1078 iudicare
555 1012 692 1079 difficile
715 1016 767 1077 est
788 1031 869 1077 sane
891 1011 957 1077 nisi
979 1014 1175 1099 expertum3

168 1115 408 1203 experiendum
421 1120 536 1182 autem
549 1120 601 1181 est
614 1116 651 1180 in
664 1114 739 1202 ipsa
751 1113 909 1180 amicitia
954 1112 1011 1179 Ita
1023 1132 1176 1200 praecur-

167 1218 214 1284 rit
228 1218 379 1284 amicitia
393 1216 556 1284 iudicium
571 1216 731 1305 tollitque
747 1215 941 1305 experiendi
957 1220 1173 1304 potestatem

168 1319 230 1387 Est
243 1321 350 1410 igitur
366 1320 542 1409 prudentis
558 1319 725 1387 sustinere
737 1324 777 1385 ut
792 1339 935 1402 cursum,
947 1319 995 1385 sic
1008 1319 1175 1406 impetum
1184 1329 1221 1382 6³

129 1442 161 1489 10
168 1422 425 1507 benivolentiae,
437 1425 458 1507 †
469 1444 537 1512 quo
553 1429 699 1507 utamur,
711 1422 806 1510 quasi
821 1422 914 1510 equis
928 1421 1114 1510 temptatis,
1126 1421 1175 1488 sic

167 1527 318 1593 amicitia
338 1547 382 1591 ex
402 1526 516 1613 aliqua
539 1531 637 1613 parte
657 1523 857 1612 periclitatis
882 1525 1032 1591 moribus
1053 1525 1174 1591 amico

167 1649 254 1694 rum
299 1627 447 1706 Quidam
467 1646 567 1714 saepe
583 1626 620 1691 in
636 1646 744 1715 parva
762 1627 907 1713 pecunia
926 1628 1174 1716 perspiciuntur

168 1750 272 1817 quam
292 1730 361 1794 sint
381 1728 482 1811 leves,
500 1728 639 1815 quidam
663 1732 788 1810 autem,
805 1748 890 1814 quos
911 1750 1017 1816 parva
1037 1748 1173 1795 movere

169 1851 240 1897 non
252 1830 375 1918 potuit,
386 1833 635 1918 cognoscuntur
648 1828 685 1893 in
699 1848 833 1916 magna
878 1830 939 1895 Sin
953 1835 1052 1896 erunt
1069 1830 1173 1917 aliqui

129 1949 161 1998 15
169 1931 305 2020 reperti,
325 1931 384 2020 qui
407 1931 586 2019 pecuniam
608 1930 781 2019 praesens
808 1931 977 1998 amicitiae
1000 1931 1174 1997 sordidum

168 2034 373 2118 existiment,
384 2033 443 2100 ubi
457 2053 515 2100 eos
528 2033 746 2117 inveniemus,
758 2033 816 2120 qui
829 2032 983 2118 honores,
998 2033 1173 2122 magistra

52 2145 55 2151 '
167 2142 233 2222 tus,
243 2137 393 2226 imperia,
402 2140 596 2224 potestaten,
605 2156 685 2223 opes
696 2135 864 2203 amicitiae
873 2156 944 2202 non
954 2140 1172 2225 anteponant,

167 2245 216 2325 ut,
231 2261 309 2306 cum
326 2261 368 2306 ex
384 2241 493 2306 altera
509 2244 606 2327 parte
622 2239 797 2328 proposita
811 2239 896 2306 haec
912 2239 991 2322 sint,
1007 2260 1051 2306 ex
1066 2239 1174 2308 altera

166 2343 219 2409 ius
235 2342 412 2427 amicitiae,
427 2363 498 2408 non
514 2342 623 2408 multo
640 2342 700 2409 illa
715 2343 858 2410 malintl
901 2342 1065 2410 Inbecilla
1080 2344 1173 2411 enim

127 2451 219 2514 mest
230 2447 406 2513 naturaad
416 2446 698 2513 contemnendam
707 2447 912 2533 potentiam3
926 2466 1029 2533 quam
1039 2446 1172 2512 etiamsi

167 2550 324 2638 neglecta
342 2549 493 2616 amicitia
511 2548 681 2614 consecuti
700 2548 779 2632 sint,
794 2549 1011 2614 obscuratum
1027 2548 1070 2612 iri
1087 2549 1173 2614 arbi-

167 2655 312 2734 trantur,
321 2651 402 2739 quia
413 2670 484 2716 non
497 2649 569 2716 sine
582 2669 709 2736 magna
721 2670 822 2716 causa
835 2650 880 2715 sit
893 2650 1049 2738 neglecta
1062 2650 1173 2716 amici-

167 2753 228 2818 tia.
271 2752 393 2839 Itaque
416 2771 517 2819 verae
541 2751 712 2817 amicitiae
734 2750 932 2818 difficillime
959 2751 1219 2837 reperiunturtt

168 2853 206 2917 in
222 2853 273 2936 iis,
288 2855 347 2941 qui
363 2853 401 2918 in
416 2851 600 2919 honoribus
621 2871 725 2940 reque
744 2850 881 2938 publica
896 2856 1092 2935 venantum
1112 2854 1173 2919 ubi

129 2972 160 3018 aa
170 2955 261 3020 enim
284 2955 389 3021 istum
412 2953 574 3037 invenias,
594 2953 653 3041 qui
675 2953 839 3019 honorem
862 2954 964 3019 amici
988 2958 1173 3041 anteponat

169 3058 251 3122 suot
295 3056 408 3135 Quidt
433 3055 517 3122 haec
541 3061 581 3121 ut
606 3055 774 3138 omittam,
794 3074 897 3142 quam
920 3075 1050 3143 graves,
1071 3075 1173 3143 quam

168 3159 320 3226 difficiles
330 3158 498 3246 plerisque
507 3157 667 3224 videntur
676 3157 909 3224 calamitatum
919 3158 1110 3225 societates!
1128 3159 1173 3226 ad

168 3282 250 3349 quas
270 3282 341 3328 non
361 3265 413 3328 est
433 3261 535 3328 facile
556 3261 698 3328 inventu
715 3260 773 3349 qui
792 3260 1006 3328 descendant.
1051 3261 1173 3342 Quam·

167 3387 269 3454 quam
283 3365 414 3432 Ennius
430 3370 539 3432 recte:

128 3485 160 3532 30
388 3476 503 3532 Amicus
515 3475 807 3532 certusinrcincerta
819 3474 947 3541 cernitur,

167 3579 284 3640 tamen
296 3574 380 3643 haec
390 3576 458 3642 duo
471 3574 621 3643 levitatis
635 3579 672 3642 et
684 3574 894 3642 infirmitatis
907 3575 1083 3663 plerosque
1097 3596 1173 3642 con-

169 3675 318 3756 vincunt,
330 3689 390 3746 aut
403 3678 433 3745 si
447 3678 483 3744 in
493 3676 591 3746 bonis
604 3677 704 3746 rebus
718 3681 940 3746 contemnunt
953 3683 1014 3745 aut
1028 3679 1064 3742 in
1074 3678 1173 3745 malis
