2684 4186
188 288 231 352 48
464 281 626 338 LAELIUS
647 281 700 336 DE
721 280 907 336 AMICITIA.

188 434 273 501 illud
290 433 569 501 considerandum
583 433 690 501 videri
707 433 804 517 solet,
815 437 931 500 utrum
947 436 1088 521 propter
1102 433 1195 502 iube·

188 538 367 604 oillitatem
389 545 492 625 atque
517 537 669 624 inopiam
691 536 881 602 desiderata
905 535 950 601 sit
976 536 1134 620 amicitia,
1153 541 1194 603 ut

188 640 308 706 dandis
322 639 586 727 recipiendisque
599 639 738 721 meritis„
748 639 840 725 quod
853 638 994 726 quisque
1006 638 1119 705 minus
1132 659 1195 726 per

188 763 224 808 66
235 742 306 830 ipse
316 747 439 829 posset,
448 742 486 806 id
495 742 660 830 acciperet
671 741 714 807 ab
726 740 793 807 alio
803 740 1016 829 vicissimque
1027 741 1193 825 redderet,

188 865 233 910 an
256 848 344 911 esset
369 844 435 909 hoc
459 844 597 933 quidem
622 844 798 932 proprium
823 842 1002 926 amicitiae,
1025 843 1084 909 sed
1109 843 1195 909 anti·
1220 861 1236 908 t

189 946 287 1034 quior
301 952 335 1012 61
349 945 522 1033 pulchrior
536 951 570 1011 61
585 946 694 1034 magis
704 967 726 1012 a
735 949 858 1011 natura
871 944 945 1032 ipsa
958 944 1114 1031 proiecta
1125 945 1195 1012 alia

189 1039 298 1114 causa
342 1048 453 1113 Amor
477 1047 577 1126 enim,
598 1068 641 1113 ex
663 1067 731 1134 quo
757 1047 907 1114 amicitia
931 1045 1108 1113 nominata
1130 1051 1193 1131 est,

189 1151 344 1238 princeps
362 1154 414 1216 661
431 1150 477 1215 ad
493 1148 759 1216 benivolentiam
778 1138 1061 1236 coniungendam·
1100 1148 1196 1216 Nam

189 1253 356 1318 utilitates
373 1251 510 1339 quidem
528 1251 631 1316 etiam
650 1251 693 1315 ab
708 1250 749 1316 iis
766 1251 1000 1338 percipiuntur
1095 1272 1123 1335 e,
1134 1251 1195 1340 qui

189 1354 404 1420 simulatione
421 1353 591 1418 amicitiae
608 1353 765 1418 coluntur
778 1358 813 1419 et
828 1353 1051 1419 observantur
1067 1357 1196 1441 tempo
1205 1375 1238 1424 10

189 1457 236 1522 ris
261 1476 370 1538 causa,
392 1456 429 1520 in
453 1455 604 1520 amicitia
629 1461 743 1520 autem
769 1454 855 1520 nihil
880 1456 1001 1520 fictum
1025 1459 1086 1539 est,
1108 1456 1197 1523 nihil

190 1559 386 1625 simulatum
402 1561 446 1642 et,
462 1556 627 1647 quidquid
649 1561 710 1641 est,
726 1558 763 1622 id
782 1562 834 1624 661
850 1578 969 1624 verum
990 1562 1026 1625 61
1042 1558 1197 1626 volunta·

143 1667 180 1728 27
189 1661 287 1727 rium.
324 1660 539 1748 Quapropter
552 1681 574 1726 a
587 1664 709 1726 natura
722 1660 807 1726 mihi
818 1660 953 1727 videtur
965 1660 1079 1748 potius
1093 1681 1198 1750 quam

190 1764 234 1831 ab
248 1763 437 1852 indigentia
453 1768 531 1830 crta
548 1763 705 1846 amicitia,
721 1763 946 1850 adplicatione
963 1763 1074 1852 magis
1090 1764 1197 1830 animi

191 1887 269 1933 cum
289 1865 437 1955 quodam
458 1886 556 1933 sensu
577 1866 713 1932 amandi
735 1885 839 1953 quam
860 1864 1076 1954 cogitatione,
1094 1886 1197 1954 quan·
1207 1885 1239 1933 11

187 1973 266 2035 ,tum
287 1965 347 2035 illa
368 1989 421 2035 res
441 1968 601 2035 utilitatis
623 1972 709 2034 66661
730 1966 896 2033 habitura
943 1967 1043 2045 Quod
1059 1968 1198 2055 quidem

191 2070 291 2158 quale
304 2075 358 2153 sit,
371 2071 475 2136 etiam
491 2070 528 2134 in
545 2069 662 2135 bestiis
679 2069 881 2156 quibusdam
897 2069 1122 2136 animadverti
1134 2073 1199 2159 'po

192 2176 269 2252 test,
280 2191 367 2258 quae
384 2192 427 2236 ex
444 2191 479 2236 66
496 2175 594 2236 natos
611 2170 662 2236 ita
678 2174 795 2235 amant
813 2170 858 2236 ad
875 2171 1046 2258 quoddam
1062 2176 1199 2260 tempus

192 2276 227 2339 61
238 2272 282 2338 ab
292 2272 340 2337 616
349 2272 400 2337 ita
413 2277 581 2354 amantur,
593 2276 633 2337 ut
647 2270 747 2336 facile
762 2291 879 2337 earum
893 2292 1009 2338 sensus
1023 2279 1197 2362 appareat.

193 2374 294 2453 Quod
309 2374 347 2438 in
363 2372 500 2439 homine
520 2374 630 2439 multo
649 2379 699 2439 661
717 2373 915 2458 evidentius,
930 2376 1079 2462 primum
1096 2397 1139 2443 611
1156 2397 1244 2459 carc

192 2477 345 2560 caritate,
357 2496 443 2565 quae
460 2480 512 2542 est
528 2476 618 2541 inter
635 2479 733 2541 natos
750 2480 785 2542 et
802 2481 970 2563 parentes,
982 2499 1068 2566 quae
1082 2479 1200 2547 dirimi

192 2579 257 2645 nisi
272 2578 463 2645 detestabili
477 2578 599 2644 scelere
613 2598 682 2644 non
695 2583 827 2664 potest3
849 2578 970 2646 deinde
984 2601 1061 2647 cum
1078 2581 1200 2650 similis
1298 2584 1301 2589 '

192 2702 307 2749 sensus
329 2680 461 2747 exstitit
482 2681 615 2764 amoris,
635 2679 664 2746 si
683 2680 830 2768 aliquem
848 2682 941 2748 nacti
960 2703 1084 2768 sumus,
1102 2683 1199 2751 ouius

193 2806 271 2851 cum
284 2784 433 2851 moribus
451 2787 485 2850 et
502 2787 625 2849 natura
642 2804 875 2871 congruamus,
888 2785 980 2872 quod
995 2785 1033 2850 in
1046 2807 1087 2852 eo
1101 2787 1199 2875 quasi

192 2890 308 2955 lumen
329 2886 467 2975 aliquod
487 2885 667 2973 probitatis
689 2891 723 2951 et
744 2886 881 2952 virtutis
899 2886 1088 2974 perspicere
1108 2888 1246 2961 videas

146 3006 299 3058 28amur.
345 2988 445 3056 Nihil
462 2994 513 3054 est
536 2988 627 3054 enim
643 2987 771 3056 virtute
784 2989 978 3073 amabilius,
994 2990 1090 3075 nihil,
1106 2991 1202 3080 quod

193 3093 303 3180 magis
317 3091 453 3157 adliciat
468 3090 514 3155 ad
527 3090 746 3177 diligendum,
756 3091 880 3178 quippe
894 3112 972 3157 cum
985 3097 1125 3180 propter
1134 3093 1203 3161 vir-

194 3197 305 3259 tutem
313 3195 347 3257 et
356 3191 561 3278 probitatem
569 3191 675 3256 etiam
683 3213 748 3274 eos,
755 3213 839 3279 quos
849 3214 1034 3282 numquam
1042 3194 1201 3281 1111111116,

194 3294 342 3382 quodam
363 3292 678 3385 mododiligamus.
724 3293 807 3372 Quis
830 3299 891 3378 est,
912 3297 972 3383 qui
995 3296 1032 3363 Ο.
1054 3295 1201 3384 Fabrici,

195 3394 254 3460 M’.
266 3393 348 3460 Ouri
362 3413 432 3458 non
446 3414 524 3458 oum
538 3393 679 3459 caritate
695 3395 809 3483 aliqua
825 3397 983 3464 benivola
999 3397 1203 3467 memoriam
1212 3422 1250 3475 ao

194 3499 344 3583 usurpet,
360 3515 443 3582 quos
460 3515 646 3582 numquam
662 3495 806 3564 videriti
831 3498 907 3588 quic
928 3504 1045 3567 autem
1063 3502 1123 3583 est,
1136 3501 1217 3591 'qni-

196 3597 417 3688 Tarquinium
434 3597 632 3688 Superbum,
645 3599 700 3689 qui
717 3600 773 3691 Sp.
787 3601 947 3690 Gessium,
965 3604 1020 3692 Sp.
1033 3601 1202 3673 Maelium
