2684 4186
168 325 209 388 12
378 321 478 376 CATO
500 321 626 376 MAIOR
647 321 701 375 Dr.
723 321 953 377 sannorum

166 493 269 561 quarn
298 473 491 541 adulescens
519 473 610 540 tauri
638 479 698 540 aut
727 473 899 562 elephanti
928 474 1169 542 desiderabam.

167 576 268 655 Quod
289 582 350 661 est,
371 599 411 644 eo
433 577 529 643 decet
550 576 603 641 uti
624 581 667 661 et,
688 576 848 665 quioquid
872 596 964 665 agas,
985 598 1088 665 agere
1108 598 1171 667 pro

166 679 303 745 viribus.
338 679 433 758 Quae
444 680 535 745 enirn
545 699 614 745 vox
624 683 736 766 potest
747 700 818 746 esse
833 679 1060 767 contemptior
1069 701 1172 768 quam

167 781 305 848 Milonis
323 782 563 848 Crotoniatae?
586 782 645 871 qui
663 803 740 847 oum
757 782 827 848 iarn
843 803 946 848 senex
962 786 1050 848 esset
1068 782 1172 849 athle-

166 889 286 973 tasque
311 906 347 952 se
372 880 565 951 exercentes
590 884 628 949 in
653 884 818 951 curriculo
843 883 984 968 videret,
1004 885 1172 972 aspexisse
1198 904 1214 950 s

167 987 310 1054 lacertos
332 1007 408 1054 suos
430 987 554 1052 dieitur
574 987 857 1074 inlacrimansque
874 986 1015 1053 dixisse:
1039 991 1058 1024 “
1067 986 1118 1053 At
1135 986 1172 1053 hi

168 1091 305 1177 quidem
320 1089 448 1156 mortui
467 1090 536 1154 iarn
555 1090 665 1155 sunt.’'
709 1088 792 1155 Non
808 1108 889 1155 vero
906 1093 980 1155 tarn
996 1089 1054 1155 isti
1070 1111 1174 1178 quam

168 1195 207 1255 tu
222 1190 302 1277 ipse,
313 1190 476 1276 nugator!
497 1209 605 1276 neque
620 1188 710 1255 enim
725 1209 768 1254 ex
781 1192 817 1254 te
830 1208 992 1277 umquam
1006 1211 1042 1256 es
1056 1191 1174 1257 nobili-

167 1296 269 1375 tatuS,
292 1292 352 1357 sed
376 1312 419 1356 ex
442 1290 605 1356 lateribus
630 1295 665 1357 et
690 1291 825 1356 lacertis
850 1292 927 1357 tuis.
972 1291 1071 1358 Nihil
1096 1293 1171 1359 Sex

168 1394 286 1458 Aelius
307 1392 385 1475 tale,
400 1392 488 1456 nihil
507 1392 624 1458 multis
646 1392 744 1465 annis
764 1398 845 1460 ante
866 1393 917 1460 Ti.
934 1393 1172 1479 Coruncanius,
1184 1415 1216 1463 10

168 1496 255 1559 nihil
278 1495 381 1560 modo
406 1494 446 1560 P.
467 1494 616 1578 Crassus,
639 1515 660 1560 a
684 1494 805 1582 quibus
830 1496 905 1562 iura
929 1496 1058 1589 civibus
1081 1518 1174 1585 prae

169 1598 419 1681 scribebantur3
444 1618 588 1685 quorum
610 1618 716 1686 usque
738 1599 783 1664 ad
805 1603 995 1666 extremum
1017 1600 1175 1687 spiritum

123 1713 160 1765 28
170 1706 221 1768 est
235 1705 395 1788 provecta
411 1700 601 1787 prudentia.
647 1701 772 1768 Orator
788 1706 904 1768 metuo
918 1723 962 1769 ne
978 1703 1174 1791 languescat

170 1807 358 1887 senectute3
376 1809 428 1870 est
439 1804 531 1870 enim
543 1824 667 1870 munus
681 1805 751 1871 eius
761 1826 832 1871 non
842 1803 970 1893 ingenii
984 1805 1103 1889 solum,
1115 1805 1175 1871 sed

169 1908 315 1974 laterum
331 1907 437 1974 etiam
454 1913 489 1974 et
507 1907 641 1974 virium.
686 1908 835 1974 Omnino
857 1928 1020 1974 canorum
1036 1908 1121 1974 illud
1138 1908 1175 1973 in
1185 1928 1216 1974 rs

170 2032 252 2079 voce
269 2010 471 2098 splendescit
488 2010 593 2077 etiarn
609 2010 804 2099 nescioquo
821 2013 922 2096 pacto
939 2009 976 2074 in
993 2015 1174 2094 senectute,

170 2115 261 2201 quod
275 2113 431 2200 equidem
448 2112 558 2179 adhuc
571 2132 642 2178 non
658 2112 765 2194 amisi,
781 2116 816 2178 et
830 2110 954 2177 videtis
970 2131 1096 2195 annos3
1118 2113 1177 2179 sed

170 2220 286 2282 tamen
308 2220 360 2281 est
383 2217 523 2281 decorus
548 2214 637 2280 senis
661 2234 771 2279 sermo
794 2213 928 2300 quietus
950 2217 985 2278 et
1008 2214 1175 2296 remissus,

170 2318 320 2405 facitque
351 2337 414 2406 per
441 2337 477 2382 se
505 2317 579 2403 ipsa
607 2315 671 2381 sibi
702 2314 911 2381 audientiam
940 2315 1058 2381 diserti
1089 2317 1177 2383 senis

171 2425 308 2506 compta
318 2426 353 2486 et
363 2419 456 2485 mitis
467 2418 586 2484 oratio.
625 2417 737 2496 Quam
747 2417 776 2483 si
789 2417 862 2504 ipse
870 2417 1007 2505 exsequi
1019 2438 1175 2506 nequeas,
1186 2441 1220 2489 ro

170 2522 276 2610 possis
287 2525 402 2588 tamen
414 2521 562 2609 Scipioni
575 2520 768 2608 praecipere
782 2524 817 2586 et
828 2506 1076 2615 LaelioWuid
1086 2523 1179 2587 enim

123 2639 161 2692 29
171 2629 222 2691 est
232 2624 408 2690 iucundius
423 2629 595 2690 senectute
609 2623 736 2711 stipata
746 2623 867 2690 studiis
881 2622 1086 2690 iuventutisl
1119 2624 1178 2690 An

171 2749 215 2795 ne
228 2728 304 2795 illas
318 2727 456 2816 quidem
469 2727 559 2794 vires
573 2727 739 2794 senectuti
757 2727 995 2815 relinquemus,
1011 2732 1050 2793 ut
1068 2727 1179 2796 adule-

171 2829 1178 2915 scentesdoceat,instituat,adomneofficiimunusinstruatl

172 2955 239 3023 quo
253 2934 390 3022 quidem
404 2954 506 3020 opere
519 2933 601 3021 quid
615 2938 729 3021 potest
744 2953 815 3000 esse
828 2932 1051 3021 praeclarius?
1090 2932 1178 2998 Mihi
1187 2949 1218 2996 rs

171 3057 252 3103 vero
267 3040 302 3102 et
316 3035 378 3102 Cn.
394 3040 428 3101 et
444 3035 483 3100 P.
497 3035 670 3122 Scipiones
684 3040 720 3101 et
735 3036 791 3102 avi
805 3036 857 3100 tui
871 3035 949 3118 duo,
961 3035 998 3100 L.
1011 3034 1178 3100 Aemilius

171 3143 207 3202 et
222 3136 261 3201 P.
271 3136 464 3218 Africanus,
477 3137 642 3201 comitatu
656 3136 822 3202 nobilium
836 3138 996 3202 iuvenum
1010 3135 1178 3200 fortunati

171 3237 383 3320 videbantur,
406 3257 468 3302 nec
492 3237 554 3300 ulli
583 3237 749 3302 bonarum
777 3237 903 3303 artium
927 3236 1083 3323 magistri
1108 3255 1178 3301 non

171 3340 262 3407 beati
276 3339 428 3427 putandi,
441 3339 595 3426 quamvis
612 3341 848 3404 consenuerint
862 3339 951 3404 vires
968 3342 1072 3425 atque
1089 3337 1179 3404 deie-

171 3443 288 3510 cerint.
333 3440 407 3506 Etsi
430 3440 503 3528 ipsa
525 3439 591 3505 ista
613 3439 760 3506 defectio
782 3440 906 3506 virium
931 3438 1178 3508 adulescentiae
1187 3464 1218 3513 ao

171 3546 264 3613 vitiis
293 3544 437 3610 efficitur
466 3542 598 3629 saepius
627 3562 730 3630 quam
761 3541 963 3625 senectutis3
997 3542 1179 3612 libidinosa

171 3648 263 3714 enirn
278 3651 312 3713 et
326 3646 555 3732 intemperans
572 3645 800 3713 adulescentia
817 3644 957 3713 effetum
974 3665 1095 3732 corpus
1111 3651 1178 3714 tra
