2714 4216
508 311 590 367 cnr.
608 313 648 378 12,
664 313 703 366 ra
737 311 858 381 sla-la
1146 315 1187 380 55

181 464 357 550 amicitias,
380 486 424 531 ne
449 485 583 531 neeesse
612 464 657 531 sit
684 485 791 556 unum
819 463 1002 530 solhcitum
1029 485 1101 531 esse
1124 484 1188 553 pro

181 566 348 654 pluribus3
365 567 447 634 satis
458 587 622 655 superque
633 587 704 633 esse
714 565 779 631 sibi
790 587 925 631 suarum
935 567 1054 654 cuique
1064 588 1186 650 rerum,

180 668 299 735 ahenis
325 669 426 735 nimis
451 668 619 756 imphcari
642 668 824 734 molestum
847 688 938 751 esse3
964 669 1188 735 commodissi-

179 792 275 836 mum
289 792 361 838 esse
376 791 479 856 quam
495 770 683 836 laxissimas
700 769 849 835 habenas
867 769 991 835 habere
1008 771 1185 855 amicitiae,

155 891 263 961 squas
277 873 332 940 vel
349 873 505 956 adducas,
517 893 595 939 cum
608 871 701 955 velis,
713 870 769 938 vel
782 871 955 954 remittas;
977 876 1079 959 caput
1096 873 1187 938 enim

179 996 250 1042 osse
268 975 321 1049 ¹ad
346 975 445 1041 beate
470 973 655 1040 vivendum
682 973 907 1056 securitatem,
930 993 997 1061 qna
1022 973 1091 1038 frui
1117 994 1187 1039 non

178 1077 284 1166 possit
305 1077 447 1159 animus,
463 1075 491 1142 si
510 1080 684 1164 tamquam
704 1075 872 1163 parturiat
894 1096 980 1142 unus
1001 1096 1065 1163 pro
1085 1076 1187 1164 pluri-

178 1181 249 1247 bus.
278 1180 376 1247 Alios
385 1183 500 1245 autem
510 1178 621 1244 dicere
631 1178 726 1244 aiunt
737 1178 847 1244 multo
857 1178 961 1245 etiam
970 1177 1185 1244 inhumanius
1194 1188 1232 1243 46

178 1282 291 1370 (quem
305 1283 419 1348 locum
434 1279 585 1348 breviter
601 1279 703 1368 paulo
717 1285 798 1346 ante
814 1281 1010 1369 perstrinxi)
1027 1281 1185 1368 praesidii

140 1401 169 1448 10
177 1384 430 1473 adiumentique
443 1402 552 1467 causa,
562 1403 632 1448 non
646 1380 895 1451 benivolentiae
909 1403 1018 1471 neque
1031 1383 1184 1450 caritatis

176 1487 340 1553 amicitias
351 1507 423 1553 esse
434 1485 656 1574 expetendam
670 1485 795 1574 itaque,
804 1489 843 1552 ut
854 1485 994 1574 quisque
1005 1487 1184 1551 minimum

176 1589 349 1654 firmitatis
371 1588 511 1654 haberet
532 1587 777 1675 minimumque
794 1589 928 1671 virium,
946 1589 996 1654 ita
1017 1589 1182 1656 amicitias

177 1691 336 1777 adpetere
357 1690 523 1772 maxime3
549 1709 592 1754 ex
614 1708 654 1754 eo
676 1689 760 1772 fieri,
775 1694 815 1755 ut
836 1690 1052 1756 mulierculae
1073 1691 1182 1778 magis

177 1792 404 1858 amicitiarum
424 1790 591 1878 praesidia
611 1794 776 1876 quaerant
799 1809 902 1878 quam
922 1792 988 1857 viri
1009 1797 1043 1858 et
1064 1793 1182 1880 inopes

137 1914 167 1962 15
177 1915 281 1981 quam
306 1893 459 1980 opulenti
484 1897 519 1958 et
545 1892 733 1958 calamitosi
756 1913 859 1979 quam
881 1893 915 1976 ii,
936 1893 994 1979 qui
1019 1898 1182 1981 putentur

178 1996 278 2062 beati.
329 1996 361 2062 Ο
390 1994 598 2084 praeclaram
630 1994 852 2080 sapientiam!
905 1994 1018 2061 Solem
1046 1995 1138 2061 enim
1162 2009 1228 2070 e47

176 2099 304 2164 mundo
321 2098 442 2165 tohere
458 2097 627 2180 videntur,
639 2097 697 2184 qui
716 2097 901 2164 amicitiam
918 2119 938 2164 e
954 2098 1027 2164 vita
1043 2098 1178 2182 tohunt,

176 2222 244 2290 qua
265 2201 352 2266 nihil
374 2222 396 2268 a
417 2201 470 2267 dis
495 2200 732 2266 inmortalibus
757 2200 877 2269 mehus
902 2201 1073 2284 habemus,
1093 2201 1181 2267 nihil

175 2304 361 2371 iucundius.
413 2303 508 2382 Quae
536 2308 587 2370 est
616 2303 707 2370 enim
735 2303 801 2368 ista
828 2304 1012 2372 securitasr
1063 2304 1180 2393 Specie

135 2407 312 2494 mquidem
333 2407 467 2490 blanda,
490 2406 549 2473 sed
573 2427 690 2494 reapse
715 2406 832 2472 multis
854 2406 936 2472 locis
961 2407 1177 2495 repudianda.

176 2508 296 2597 Neque
317 2510 408 2575 enim
430 2513 481 2575 est
503 2513 766 2575 consentaneum
787 2506 892 2574 ullam
913 2509 1090 2575 honestam
1107 2531 1179 2576 rem

176 2612 459 2694 actionemque
483 2611 647 2677 sohicitus
672 2611 727 2693 sis,
750 2615 810 2675 ant
834 2631 904 2675 non
928 2611 1094 2699 suscipere
1119 2616 1179 2677 ant

176 2718 367 2801 susceptam
388 2713 563 2800 deponere.
610 2711 739 2790 Quodsi
760 2731 876 2777 curam
896 2712 1056 2799 fugimus,
1071 2714 1179 2780 uirtus

175 2814 339 2901 fugienda
353 2819 414 2896 est,
423 2834 510 2900 quae
524 2834 658 2880 necesse
672 2816 723 2879 est
738 2833 814 2878 cum
829 2813 942 2900 aliqua
956 2834 1035 2879 cura
1049 2835 1102 2880 ras
1116 2815 1179 2882 sibi

135 2934 166 2980 25
177 2915 363 2983 contrarias
386 2920 584 3003 aspernetur
606 2920 708 3003 atque
730 2914 849 2998 oderit,
869 2920 909 2980 ut
931 2915 1065 2982 bonitas
1087 2918 1180 2984 mah-

175 3019 270 3101 tiam,
282 3017 507 3106 temperantia
520 3017 716 3101 lubidinem,
728 3017 901 3105 ignaviam
915 3017 1099 3104 fortitud03
1118 3021 1180 3087 ita

175 3142 240 3210 que
256 3121 368 3188 videas
386 3121 485 3187 rebus
502 3121 636 3187 iniustis
652 3120 759 3186 iustos
776 3120 922 3187 maxime
940 3121 1061 3205 dolere,
1077 3123 1179 3191 inbel-

174 3225 263 3291 libus
277 3224 392 3307 forteS,
405 3223 584 3312 flagitiosis
597 3224 777 3290 modestos.
820 3223 912 3313 Ergo
926 3225 992 3291 hoc
1005 3227 1179 3314 proprium

175 3330 226 3392 est
250 3326 354 3392 animi
380 3327 465 3392 bene
490 3326 676 3410 constituti,
698 3331 732 3393 et
754 3326 875 3394 laetari
900 3328 997 3394 bonis
1022 3331 1121 3396 rebus
1144 3337 1178 3398 et

134 3446 164 3492 so
174 3429 287 3497 dolere
302 3430 487 3496 contrariis
526 3429 784 3514 Quamobrem,
797 3431 825 3496 si
837 3431 927 3498 cadit
942 3433 978 3497 in
993 3432 1179 3520 sapientem
1188 3442 1225 3496 48

174 3533 278 3598 animi
304 3533 410 3616 dolor,
431 3533 488 3621 qui
513 3533 667 3620 proiecto
692 3533 792 3616 cadit,
812 3534 877 3599 nisi
903 3555 945 3599 ex
968 3534 1039 3600 eius
1062 3525 1178 3603 ¹animo

174 3635 395 3723 exstirpatam
409 3635 658 3702 humanitatem
675 3635 888 3720 arbitramur,
900 3655 986 3723 quae
1003 3641 1176 3721 causaest,
