2714 4216
507 302 588 358 cnr.
605 302 679 356 cn.
715 303 835 370 saras.
1135 305 1175 367 51

171 473 317 522 manere.
361 453 463 538 Nam,
481 455 537 522 vel
557 459 597 521 ut
619 473 689 520 non
710 452 803 520 idem
827 453 1009 542 expediret,
1029 452 1177 519 incidere

172 576 282 645 saepe,
293 557 349 624 vel
365 561 405 622 ut
422 557 466 624 do
482 557 673 645 republica
691 576 761 622 non
777 555 868 621 idem
885 557 1085 640 sentiretur3
1106 577 1177 620 mu·

171 660 240 724 tari
255 659 359 726 etiam
372 680 484 726 mores
500 659 678 726 hominum
694 678 793 746 saepe
807 658 950 741 dicebat,
962 659 1045 725 alias
1061 659 1177 724 adver-

172 761 218 827 sis
240 762 349 845 rebus,
370 762 453 828 alias
476 766 588 828 aetate
611 762 873 848 ingravescente.
920 761 1037 848 Atque
1059 781 1177 826 earum

149 883 286 935 srerum
314 865 507 952 exemplum
531 885 574 930 ex
598 862 1000 950 similitudine'capiebat
1029 862 1176 928 ineuntis

172 966 303 1049 aetatis
316 966 408 1053 quod
421 965 545 1032 summi
561 985 743 1053 puerorum
760 985 891 1031 amores
905 984 1004 1051 saepe
1017 984 1086 1029 una
1100 984 1177 1029 cum

172 1072 351 1155 praetexta
370 1073 454 1156 toga
474 1071 701 1155 ponerentur3
727 1067 911 1137 sinautem
928 1066 972 1132 ad
989 1067 1177 1132 adulescen-
1187 1073 1224 1126 34

172 1169 258 1234 tiam
268 1171 511 1257 perduxissent,
521 1169 635 1235 dirimi
649 1174 764 1235 tamen
774 1169 946 1234 interdum
954 1169 1178 1235 ‘contentione

172 1271 228 1337 vel
249 1272 388 1338 uxoriae
413 1272 619 1339 condicionis
641 1271 698 1337 vel
723 1271 892 1337 commodi
917 1271 1066 1355 alicuine,
1086 1272 1178 1360 quod

134 1398 165 1444 10
172 1372 262 1440 idem
276 1375 416 1463 adipisci
429 1379 572 1463 uterque
585 1395 655 1441 non
665 1378 788 1462 posset.
827 1373 956 1452 Quodsi
970 1375 1029 1463 qui
1042 1375 1177 1463 lougius

172 1475 209 1540 in
230 1477 379 1542 amicitia
399 1477 551 1565 provecti
574 1480 694 1559 essent,
711 1479 828 1542 tamen
849 1496 948 1563 saepe
968 1476 1175 1560 labefactari,

173 1578 201 1644 si
217 1577 254 1642 in
271 1577 409 1644 honoris
426 1578 680 1645 contentionem
700 1577 914 1661 incidissent;
939 1583 1070 1665 pestem
1086 1579 1177 1645 enim

173 1679 304 1745 nullam
330 1680 495 1747 maiorem
525 1701 597 1745 esse
629 1679 787 1745 amicitiis
815 1700 919 1766 quam
946 1681 983 1744 in
1010 1681 1178 1770 plerisque

172 1781 335 1869 pecuniae
360 1782 591 1868 cupiditatem,
611 1780 649 1845 in
671 1781 809 1868 optimis
832 1781 1018 1868 quibusque
1039 1783 1178 1849 honoris

134 1902 164 1949 15
174 1887 345 1949 certamen
356 1887 391 1949 et
405 1882 550 1970 gloriae3
568 1903 611 1948 ex
620 1903 689 1971 quo
699 1881 892 1948 inimicitias
906 1884 1070 1950 maximas
1081 1906 1179 1972 saepe

174 1986 264 2051 inter
277 1984 496 2051 amicissimos
510 1984 686 2051 exstitisse.
730 1982 859 2071 Magna
873 1985 976 2050 etiam
990 1986 1130 2052 discidia
1144 1993 1178 2053 et
1188 1997 1225 2048 35

173 2088 371 2176 plerumque
395 2087 484 2154 iusta
506 2088 607 2170 nasci,
628 2107 706 2153 cum
727 2086 856 2175 aliquid
879 2087 923 2153 ab
944 2089 1069 2173 andeis,
1087 2091 1179 2177 quod

173 2194 304 2256 rectum
325 2211 394 2256 non
416 2195 512 2274 esset,
527 2190 766 2278 postularetur,
782 2193 821 2256 ut
838 2194 897 2256 aut
915 2190 1064 2257 libidinis
1082 2193 1178 2258 mini-

173 2293 236 2358 stri
246 2297 306 2358 aut
320 2293 491 2360 adiutores
505 2297 616 2360 essent
626 2292 671 2358 ad
684 2292 860 2375 iniuriam3
877 2294 968 2381 quod
979 2295 1038 2382 qui
1051 2316 1178 2362 recusa-

133 2419 166 2465 ao
173 2399 259 2480 rent,
269 2395 422 2485 quamvis
436 2396 577 2462 honeste
590 2395 628 2461 id
641 2395 801 2478 iacerent,
814 2396 865 2461 ius
880 2402 995 2462 tamen
1009 2398 1178 2465 amicitiae

174 2498 325 2565 deserere
349 2502 572 2586 arguerentur
594 2497 638 2563 ab
660 2497 711 2580 iis,
732 2497 852 2585 quibus
876 2498 1014 2586 obsequi
1036 2500 1176 2566 nollent.

174 2599 257 2666 Illos
273 2604 397 2683 autem,
409 2599 468 2686 qui
482 2599 616 2687 quidvis
633 2599 677 2665 ab
691 2600 800 2665 amico
817 2599 979 2666 auderent
996 2602 1176 2687 postulare,

173 2702 401 2789 postulatione
422 2701 496 2788 ipsa
517 2701 671 2788 profiteri
692 2701 807 2766 omnia
823 2722 859 2766 se
875 2700 975 2767 amici
992 2723 1092 2768 causa
1108 2725 1179 2770 esse

174 2804 333 2868 facturos.
377 2802 506 2867 Eorum
522 2802 659 2888 querela
675 2801 865 2867 inveterata
882 2822 950 2867 non
964 2803 1066 2868 modo
1083 2803 1179 2869 fami-

133 2930 164 2975 as
174 2904 340 2970 liaritates
354 2903 525 2990 exstingui
539 2903 655 2985 solere,
668 2903 727 2968 sed
740 2903 819 2968 odia
833 2903 936 2969 etiam
949 2903 1046 2990 gigni
1061 2906 1180 2993 sempi-

174 3013 281 3072 terna.
322 3005 418 3071 Haec
431 3004 482 3070 ita
495 3003 605 3069 multa
618 3004 714 3091 quasi
728 3004 802 3070 iata
816 3004 997 3091 inpendere
1011 3007 1177 3092 amicitiis,

173 3116 213 3175 ut
224 3108 339 3175 omnia
352 3106 586 3193 subterfugere
600 3126 669 3171 non
683 3107 785 3173 modo
800 3107 992 3194 sapientiae,
1005 3110 1179 3176 sedetiam

174 3211 349 3278 felicitatis
364 3210 489 3275 diceret
504 3208 568 3274 sibi
582 3208 699 3275 videri.

219 3316 330 3394 Quam
349 3313 393 3378 ob
410 3334 483 3378 rem
502 3312 539 3376 id
557 3312 705 3399 primum
722 3312 905 3396 videamus,
920 3313 949 3380 si
965 3315 1085 3402 placet,
1102 3337 1180 3404 qua
1189 3279 1232 3422 ἑὲ

136 3438 168 3485 ac
176 3421 273 3483 tenus
293 3436 388 3481 amor
407 3415 443 3479 in
460 3414 611 3480 amicitia
632 3415 791 3502 progredi
812 3415 943 3482 debeat.
987 3416 1135 3502 Numue,
1151 3420 1179 3485 si

178 3518 375 3585 Coriolanus
392 3516 511 3582 habuit
529 3517 663 3599 amicos,
679 3516 768 3583 ferre
786 3521 905 3583 contra
921 3519 1068 3605 patriam
1086 3541 1181 3586 arma

177 3620 228 3686 illi
242 3641 319 3686 cum
334 3620 514 3686 Coriolano
529 3619 736 3687 debuerunt?
756 3639 838 3684 num
853 3619 1066 3687 Vecellinum
1081 3623 1181 3687 amici
