2684 4186
495 346 577 404 ΟΔΡ.
592 348 632 413 18,
646 347 686 402 19.
721 347 840 417 §db-71.
1128 349 1177 421 29]

167 494 259 562 enim
281 497 417 565 stultius
440 519 542 587 quam
566 498 697 566 incerta
720 520 783 588 pro
805 499 906 567 certis
930 499 1063 582 habere,
1083 497 1172 564 falsa

166 618 229 685 pro
246 600 355 666 veriet
389 600 450 667 -At
466 621 569 668 senex
589 622 633 667 ne
654 602 745 689 quod
766 606 879 689 speret
899 602 1036 690 quidem
1057 600 1169 667 habet.

166 700 218 766 At
240 704 292 767 est
312 722 354 767 eo
375 703 515 768 meliore
535 702 731 768 condicione
752 723 855 791 quam
875 703 1078 785 adulescens,
1093 723 1172 768 cum

166 800 211 885 id,
229 803 321 891 quod
341 803 400 869 ille
420 808 542 892 sperat,
561 805 617 871 hio
637 808 833 871 consecutus
854 804 918 888 sit3
940 803 999 870 ille
1017 804 1092 870 vult
1113 804 1171 869 diu

142 905 289 989 trivere,
301 905 357 971 hic
371 906 430 971 diu
443 906 540 972 vixit.
585 906 807 994 Quamquam,
819 929 840 973 o
854 907 890 972 di
904 907 1002 972 bonit
1026 906 1107 993 quid
1121 910 1172 972 est
1181 920 1219 974 69

166 1008 203 1071 in
219 1007 367 1073 hominis
388 1012 513 1074 natura
531 1007 610 1074 diui
654 1009 711 1075 Da
727 1009 818 1075 enim
838 1029 1008 1074 summum
1028 1011 1171 1094 tempus,

166 1113 397 1197 exspectemus
419 1110 666 1177 Tartessiorum
686 1111 776 1198 mgis
799 1115 947 1177 aetatem
968 1108 1049 1194 (fuit
1071 1109 1171 1193 enim,

165 1215 205 1277 ut
219 1211 383 1299 scriptum
396 1212 505 1296 video,
517 1212 777 1301 Arganthonius
791 1213 929 1301 quidam
944 1211 1104 1296 Gadibus,
1114 1212 1173 1299 qui

166 1313 344 1401 octoginta
359 1315 518 1403 regnavit
534 1335 650 1400 annos,
666 1318 803 1381 centum
819 1314 944 1402 viginti
960 1313 1173 1402 vixit)-sed

128 1416 251 1481 mmihi
268 1437 312 1483 ne
328 1417 527 1484 diuturnum
543 1417 680 1509 quidem
698 1418 876 1506 quiequam
892 1416 1036 1501 videtur,
1051 1417 1088 1481 in
1104 1436 1172 1504 quo

167 1523 219 1584 est
244 1519 371 1606 aliquid
396 1525 594 1587 extremum.
639 1520 727 1586 (ium
751 1521 843 1587 enim
866 1520 903 1585 id
927 1520 1074 1605 advenit,
1096 1523 1173 1586 tum

167 1619 261 1703 illud,
273 1621 363 1707 quod
380 1621 566 1708 praeteriit,
582 1621 731 1705 effluxit3
752 1625 889 1687 tantum
904 1627 1066 1706 remanet,
1082 1622 1173 1709 quod
1236 1640 1237 1644 ’

167 1721 296 1787 virtute
317 1725 352 1787 et
372 1727 466 1788 recte
486 1722 587 1788 iactis
608 1726 805 1789 consecutus
826 1723 890 1806 sis3
911 1722 1017 1789 horae
1036 1724 1173 1810 quidem

169 1822 293 1888 cedunt
317 1826 353 1889 et
377 1823 449 1889 dies
472 1828 509 1889 et
533 1843 664 1890 menses
688 1828 725 1890 et
749 1824 839 1908 unni,
861 1843 924 1890 nec
951 1825 1173 1911 praeteritum

131 1940 160 1990 1⁶
169 1928 303 2012 tempus
324 1944 485 2012 umquam
508 1925 699 2009 revertitur,
717 1947 789 2009 neo,
807 1925 889 2013 quid
909 1930 1077 2012 sequatur,
1095 1925 1173 1992 sciri

169 2031 301 2114 potest3
322 2026 414 2115 quod
430 2027 550 2114 cuique
566 2028 728 2115 temporis
745 2028 790 2094 ad
806 2028 990 2095 vivendum
1006 2028 1116 2111 datur,
1132 2049 1173 2094 eo

168 2129 271 2197 debet
292 2150 363 2197 esse
384 2133 572 2218 contentus.
616 2129 737 2218 Neque
759 2131 849 2197 enim
865 2130 1033 2214 histrioni,
1048 2134 1087 2196 ut
1104 2131 1222 2218 plato

168 2236 252 2317 oeat,
263 2232 456 2321 peragenda
469 2231 587 2299 fabula
597 2237 658 2316 est,
670 2233 781 2318 modo,
793 2233 831 2298 in
844 2253 1054 2321 quocumque
1068 2233 1172 2300 fuerit

168 2339 256 2418 ectu,
276 2335 447 2424 probetur,
467 2355 575 2422 neque
597 2335 868 2423 sapientiusque
890 2335 935 2402 ad
957 2334 1171 2403 “Plaudite'’

128 2437 371 2504 adveniendum
385 2442 445 2504 est.
490 2437 600 2505 Breve
616 2438 708 2504 enim
721 2441 855 2525 tempus
870 2437 992 2504 aetatis
1006 2437 1089 2504 satis
1102 2438 1173 2505 lon-

167 2559 251 2627 gum
267 2543 319 2606 est
332 2540 377 2605 ad
393 2539 480 2606 bene
495 2539 701 2628 honesteque
716 2540 917 2624 vivendum3
939 2539 992 2605 sin
1008 2560 1173 2628 processe·

167 2641 214 2706 rit
230 2642 374 2730 longius,
390 2662 460 2707 non
477 2642 587 2729 magis
606 2642 789 2708 dolendum
807 2646 868 2724 est,
884 2661 986 2729 quam
1004 2641 1173 2729 agricolae

167 2742 284 2808 dolent
306 2743 492 2829 praeterita
513 2744 609 2809 vomi
630 2743 794 2832 temporis
818 2741 987 2809 suavitate
1008 2747 1173 2809 aestatem

168 2848 434 2931 autumnumque
457 2845 597 2911 venisse.
643 2845 717 2911 Ver
741 2845 833 2911 enim
859 2850 1035 2930 tamquam
1061 2843 1172 2912 adule-
1217 2910 1219 2914 .

127 2963 159 3011 ne
168 2945 331 3012 scentiam
341 2945 511 3033 signifieat
521 2946 735 3034 ostenditque
744 2945 875 3012 fructus
889 2945 1032 3029 futuros,
1043 2946 1184 3034 reliqua'
1209 2986 1216 3024 3

168 3051 283 3114 autem
303 3051 459 3134 tempora
479 3047 688 3114 demetendis
708 3047 875 3115 fructibus
894 3051 930 3113 et
948 3048 1171 3135 percipiendis

166 3149 421 3217 accommodata
437 3154 525 3216 sunt.
570 3149 713 3216 Fructus
730 3154 845 3217 autem
861 3150 1044 3217 senectutis
1058 3155 1118 3235 est,
1130 3155 1170 3218 ut
1181 3155 1216 3216 71

166 3273 266 3342 saepe
281 3252 361 3335 dixi,
374 3256 454 3320 ante
467 3257 643 3341 partorum
656 3253 823 3320 bonorum
836 3253 1000 3321 memoria
1013 3258 1048 3320 et
1062 3255 1168 3344 copia.

167 3355 292 3422 Omnia
316 3360 441 3440 autem,
465 3377 551 3444 quae
575 3355 758 3422 seeundum
786 3361 945 3423 naturam
968 3355 1066 3440 fiunt,
1090 3362 1170 3423 sunt

126 3456 324 3527 achabenda
347 3457 385 3522 in
408 3458 515 3524 bonis.
561 3457 652 3536 Quid
674 3461 725 3524 est
750 3462 865 3524 autem
889 3462 963 3524 tam
987 3460 1171 3524 seeundum

166 3564 324 3652 naturam
345 3579 447 3647 quam
469 3560 603 3626 senibus
624 3560 751 3626 emerit
775 3559 866 3647 quod
887 3558 978 3626 idem
1000 3561 1170 3648 contingit

167 3663 434 3732 adulescentibus
447 3661 647 3730 adversante
660 3666 695 3730 ct
708 3657 1065 3749 repugnantenatura.
1102 3663 1170 3729 Ita
