2684 4186
118 403 120 407 Ι
171 334 211 398 18
385 329 484 386 oATo
505 327 631 384 MAIOR
652 327 706 383 DE
728 327 957 385 annnorum

168 480 315 549 bendam
336 501 408 568 esse
429 481 594 549 senectuti
618 480 775 569 gratiam,
793 500 881 569 quae
901 480 1058 566 efficeret,
1076 486 1116 549 ut
1136 483 1174 548 id

168 605 238 651 non
255 585 387 668 liberet,
403 585 494 673 quod
511 605 581 651 non
599 588 780 672 oporteret.
824 583 974 672 11300111
991 586 1082 652 enim
1098 606 1174 652 con-
1214 589 1219 597 '
1271 572 1275 581 ’

117 689 126 700 ’
168 688 281 753 silium
296 687 464 775 voluptas,
479 687 604 754 rationi
626 685 763 752 inimica
779 689 840 770 est,
855 686 988 770 mentis,
1003 691 1043 753 ui
1060 688 1110 754 ita
1126 688 1174 753 di-

168 810 251 873 cam,
267 790 487 877 praestringit
505 789 620 856 ocules
637 789 815 856 nechabet
829 789 938 855 ullum
955 810 1032 855 cum
1045 790 1173 857 virtute

167 893 413 959 commercium.
451 891 584 959 Invitus
598 891 674 975 feci,
685 895 725 957 ut
739 891 915 958 fertissimi
926 891 991 958 viri
1002 892 1039 958 T.
1051 891 1173 959 Flami-
1199 913 1214 958 s

59 1016 66 1039 ³
167 995 240 1061 nini
254 995 406 1078 fratrem,
419 995 456 1060 L.
467 991 706 1078 Flamininum,
718 1015 737 1060 e
751 998 869 1060 senatu
883 995 1026 1061 eicerem
1042 1001 1172 1084 septem

167 1098 264 1164 annis
277 1104 365 1185 post,
377 1118 480 1185 quam
497 1096 614 1163 consul
631 1095 760 1180 fuisset,
776 1097 834 1162 sed
851 1097 1037 1163 notandam
1052 1100 1171 1187 putavi

166 1199 351 1266 libidinem.
396 1198 460 1265 Ille
475 1202 575 1282 enim,
587 1219 665 1264 cum
680 1204 766 1265 esset
780 1198 897 1287 consul
910 1199 947 1263 in
963 1199 1084 1283 Gallia,
1097 1220 1172 1266 exe

165 1306 260 1369 ratus
274 1303 311 1366 in
321 1301 476 1367 convivio
487 1322 509 1366 a
518 1305 630 1366 scorto
645 1305 706 1384 est,
718 1305 757 1367 ut
772 1303 878 1367 securi
892 1301 1010 1368 feriret
1024 1301 1172 1390 aliquem

167 1424 292 1486 eorum,
314 1402 373 1491 qui
395 1403 432 1467 in
454 1403 597 1470 vinculis
623 1406 733 1468 essent
756 1402 908 1469 damnati
931 1404 981 1469 rei
1007 1404 1169 1491 capitalis.
1182 1425 1214 1471 ro

166 1505 235 1571 Hic
258 1505 337 1571 Tite
359 1505 466 1570 fratre
489 1525 549 1571 suo
572 1525 718 1588 censore,
739 1509 796 1593 qui
817 1506 991 1592 proximus
1014 1511 1094 1572 ante
1115 1529 1172 1573 me

166 1608 288 1691 iuerat,
309 1608 442 1695 elapsus
464 1615 535 1692 est3
560 1607 646 1672 mihi
668 1628 750 1674 vero
772 1611 807 1674 et
830 1608 951 1675 Flacco
973 1609 1171 1698 neutiquam

165 1711 302 1800 probari
323 1711 436 1798 potuit
457 1716 532 1779 tam
553 1710 725 1799 flagitiosa
747 1716 782 1776 et
803 1715 878 1776 tam
899 1711 1033 1798 perdita
1054 1712 1168 1796 libide,

166 1834 339 1902 quaecum
352 1814 478 1903 probro
492 1817 626 1902 privato
641 1816 860 1902 coniungeret
874 1813 1007 1901 imperii
1017 1816 1169 1882 dedecus.

113 1894 156 1962 1³
168 1918 274 2006 Saepe
288 1917 403 1984 audivi
417 1938 460 1984 ex
472 1917 656 1984 maioribus
673 1922 766 2000 natu,
777 1917 836 2006 qui
850 1937 886 1983 se
898 1937 1001 2005 perro
1015 1940 1135 2006 pueros
1149 1939 1212 1988 ars
1233 1936 1240 1973 i

118 1984 157 2038 43
167 2021 301 2088 senibus
315 2020 448 2086 audisse
461 2020 627 2103 dicebant,
639 2020 757 2085 mirari
771 2020 909 2086 solitum
920 2020 956 2087 Ο.
968 2020 1169 2106 Fabricium,

167 2123 267 2211 quod,
277 2143 355 2189 cum
365 2121 456 2210 apud
466 2142 581 2210 regem
591 2120 764 2208 Pyrrhum
775 2121 906 2208 legatus
918 2126 1013 2206 esset,
1023 2125 1171 2191 audisset

166 2245 188 2290 3
205 2223 366 2290 Thessalo
384 2224 490 2291 Oinoa
509 2243 580 2289 osse
598 2222 768 2311 quendam
784 2222 940 2306 Athenis,
956 2225 1015 2311 qui
1032 2246 1068 2290 se
1087 2226 1172 2312 sapi-

167 2330 281 2393 entem
301 2324 527 2413 pr'efiteretur,
543 2344 688 2411 eumque
708 2324 818 2389 dicere
840 2325 962 2408 emnia,
978 2346 1064 2412 quae
1085 2326 1172 2393 faee-

166 2449 288 2511 remus,
308 2427 353 2493 ad
374 2427 588 2514 voluptatem
614 2446 686 2492 esse
710 2425 897 2492 referenda.
942 2427 1042 2506 Quod
1063 2449 1107 2494 ex
1129 2450 1214 2498 eoae
1242 2466 1243 2470 =

167 2530 341 2597 audientes
355 2529 414 2595 M’.
431 2528 571 2595 Curium
585 2533 621 2594 et
636 2528 686 2594 Ti.
699 2528 950 2595 Coruncanium
963 2533 1082 2617 optare
1096 2531 1172 2596 soli-

167 2638 231 2717 tos,
248 2636 288 2697 ut
306 2631 344 2697 id
363 2631 572 2699 Samnitibus
593 2630 725 2719 ipsique
746 2629 882 2718 Pyrrho
903 2632 1169 2719 persuaderetur,

168 2757 235 2826 quo
252 2735 385 2802 facilius
401 2734 492 2802 vinci
508 2738 655 2822 possent,
671 2755 749 2801 eum
765 2754 801 2801 se
817 2733 1049 2822 voluptatibus
1066 2737 1172 2803 dedis-

168 2842 253 2907 sent.
296 2839 441 2905 Vixerat
466 2837 525 2904 M'.
546 2837 667 2904 Curius
695 2858 773 2903 eum
797 2837 837 2904 P.
858 2836 974 2923 Decio,
994 2840 1053 2929 qui
1078 2840 1172 2928 quin-

168 2943 315 3032 quennio
332 2947 412 3009 ante
429 2963 508 3008 eum
524 2942 694 3008 consulem
712 2963 748 3008 se
763 2963 828 3030 pro
844 2943 1033 3030 republica
1049 2947 1212 3032 quartem

168 3044 344 3112 consulatu
362 3044 563 3127 devoverat3
589 3047 689 3110 norat
711 3044 857 3111 eundem
874 3043 1056 3128 Fabricius,
1071 3049 1171 3110 norat

169 3145 418 3228 Coruncanium
440 3145 499 3232 qui
516 3166 594 3210 eum
608 3165 651 3210 ex
664 3165 726 3210 sua
738 3146 821 3227 vita,
833 3149 908 3220 tum
922 3166 965 3210 ex
979 3146 1058 3227 eius,
1071 3166 1172 3232 quem

169 3247 254 3329 dico,
270 3246 365 3328 Deci,
381 3246 475 3312 iacto
492 3245 687 3311 iudicabant
707 3266 778 3313 esse
797 3246 951 3333 proiecto
970 3247 1099 3334 aliquid
1115 3267 1173 3311 na

169 3354 249 3416 tura
272 3347 451 3434 pulchrum
477 3351 579 3435 atque
606 3347 826 3434 praeclarum,
849 3347 941 3435 qued
966 3369 1028 3414 sua
1052 3354 1173 3435 sponte

169 3455 349 3541 peteretur,
376 3450 533 3538 quodque
565 3453 680 3536 spreta
708 3454 743 3515 et
772 3452 968 3537 contempta
995 3450 1214 3538 voluptatese

122 3579 161 3635 44
170 3558 329 3642 optumus
353 3552 493 3642 quisque
521 3556 725 3641 sequeretur.
758 3543 939 3632 'Quorsum
966 3553 1073 3641 igitur
1100 3558 1174 3620 tam

169 3656 280 3725 multa
306 3656 350 3724 de
377 3655 577 3743 voluptatel
621 3655 710 3736 Quia
738 3676 808 3724 nen
833 3655 938 3724 mode
966 3656 1174 3749 vituperatio
