2684 4186
493 319 575 376 611.
590 320 630 386 11,
644 320 684 375 11.
719 319 838 389 stuc.
950 348 953 378 2
1128 319 1170 390 17

166 495 274 542 essem
294 474 487 541 adulescens
506 471 645 538 Tarenti
666 492 745 537 cum
767 471 807 550 Q.
823 470 984 538 Maximo.
1028 469 1170 537 Nullam

166 576 396 664 capitaliorem
413 580 545 664 pestem
558 594 662 662 quam
675 575 888 661 voluptatem
901 572 1050 662 corporis
1064 574 1169 640 homi-

166 679 265 745 nibus
279 679 412 745 dicebat
426 698 448 743 a
462 682 585 744 natura
598 677 724 760 datam,
740 677 833 743 ouius
847 676 1034 764 voluptatis
1051 676 1169 743 avidae

165 781 322 847 libidines
339 785 466 847 temere
480 784 515 846 et
529 779 700 846 ecfrenato
717 779 760 844 ad
777 778 978 867 potiendum
993 779 1170 846 incitaren-

143 889 232 950 stur.
269 883 362 949 Hinc
371 883 502 971 patriae
515 882 732 970 proditiones,
743 880 823 947 hinc
833 901 947 946 rerum
959 881 1217 967 publicarumm

166 986 364 1069 eversiones,
384 985 465 1052 hinc
489 1006 567 1051 cum
591 983 745 1051 hostibus
770 983 980 1050 clandestina
1003 983 1171 1070 colloquia

165 1090 268 1173 nasci,
286 1089 419 1154 nullum
439 1088 584 1176 denique
605 1088 721 1171 scelus,
737 1086 869 1153 nullum
889 1086 1019 1152 malum
1039 1086 1170 1152 facinus
1231 1079 1242 1104 ⁸

165 1213 246 1276 esse,
262 1192 306 1259 ad
323 1192 414 1279 quod
435 1189 683 1278 suscipiendum
704 1210 775 1256 non
795 1189 902 1256 libido
920 1188 1106 1276 voluptatis
1122 1189 1170 1254 in-

39 1359 42 1364 .
164 1296 315 1385 pelleret,
330 1299 449 1382 stupra
464 1315 546 1360 uero
567 1296 602 1360 et
624 1292 791 1360 adulteria
812 1297 847 1358 et
867 1312 967 1358 omne
985 1292 1055 1358 tale
1076 1291 1170 1379 flagi-

126 1415 157 1464 16
165 1399 253 1463 tium
277 1397 379 1464 nullis
404 1396 545 1464 excitari
570 1396 646 1463 aliis
671 1395 847 1462 inlecebris
874 1395 940 1460 nisi
964 1395 1168 1481 voluptatis;

165 1521 308 1588 cumque
321 1499 453 1566 homini
467 1499 537 1566 sive
551 1503 675 1565 natura
688 1498 759 1565 sive
769 1498 845 1586 quis
859 1497 940 1563 deus
954 1497 1040 1562 nihil
1054 1502 1169 1564 mente
1237 1506 1239 1510 ’

164 1603 400 1690 praestabilius
428 1602 585 1686 dedisset,
608 1601 688 1668 huie
712 1602 829 1668 divino
856 1601 989 1666 muneri
1014 1620 1053 1666 ac
1078 1600 1169 1666 dono

165 1705 253 1769 nihil
266 1710 339 1771 tam
355 1725 427 1771 esse
444 1705 618 1770 inimicum
632 1725 735 1792 quam
747 1705 977 1791 voluptatem3
998 1723 1061 1769 nec
1078 1703 1214 1772 61111141

166 1806 307 1873 libidine
331 1806 530 1873 dominante
555 1805 799 1894 temperantiae
822 1805 936 1871 locum
960 1825 1040 1888 esse,
1060 1825 1169 1893 neque

128 1925 158 1972 11
167 1909 306 1974 omnino
320 1908 357 1973 in
370 1908 557 1995 voluptatis
571 1929 677 1996 regno
691 1909 854 1974 virtutem
867 1928 965 1996 posse
978 1908 1168 1974 consistere.

168 2011 269 2090 Quod
286 2032 354 2099 quo
370 2011 480 2098 magis
496 2011 650 2098 intellegi
666 2016 789 2099 posset,
805 2011 935 2099 fingere
951 2010 1065 2077 animo
1081 2010 1170 2076 iube

167 2114 226 2179 bat
237 2118 336 2180 tanta
344 2112 524 2179 incitatum
534 2114 680 2202 aliquem
690 2113 867 2201 voluptate
877 2112 1034 2201 corporis,
1043 2118 1171 2200 quanta

165 2217 293 2304 percipi
307 2221 422 2304 posset
435 2216 600 2300 maxima3
619 2216 747 2282 nemini
761 2216 917 2283 censebat
931 2216 1006 2282 fore
1019 2215 1168 2298 dubium,

166 2322 249 2411 quin
264 2327 337 2388 tam
355 2322 423 2405 diu,
439 2321 521 2387 dum
537 2322 588 2389 ita
605 2321 779 2410 gauderet,
795 2321 883 2386 nihil
898 2321 1029 2409 agitare
1045 2326 1168 2405 mente,

126 2425 252 2490 aonihil
265 2425 407 2509 ratione,
419 2425 506 2490 1111111
519 2425 726 2514 cogitatione
740 2424 898 2513 consequi
914 2428 1038 2511 posset.
1083 2425 1171 2504 Quo

166 2528 256 2594 circa
278 2528 366 2592 nihil
391 2548 462 2594 csse
486 2532 559 2594 tam
583 2527 783 2594 detestabile
806 2532 947 2614 tamque
971 2527 1171 2614 pestiferum

165 2650 267 2717 quam
281 2630 503 2717 voluptatem,
514 2630 681 2719 siquidem
695 2650 744 2713 ea,
756 2650 833 2695 cum
846 2629 955 2694 maior
968 2634 1055 2696 esset
1152 2650 1172 2709 6

165 2732 392 2819 longinquior,
414 2752 515 2797 6111116
539 2731 645 2829 animi
669 2730 784 2797 lumen
809 2633 1173 2898 extingueretfflc

167 2851 246 2899 cum
268 2833 306 2900 O.
324 2833 451 2899 Pontio
477 2832 639 2916 Samnite,
661 2836 759 2920 patre
784 2832 864 2916 eius,
885 2852 906 2897 a
928 2852 995 2920 quo
1048 2831 1173 2898 audino

126 2955 158 3003 11
167 2935 296 3024 proelio
319 2935 375 3022 Sp.
392 2934 597 3018 Postumius
613 2935 652 3001 T.
664 2933 829 3000 Veturius
850 2934 1002 3001 consules
1023 2933 1172 3021 superati

167 3042 257 3121 sunt,
268 3037 421 3103 locutum
434 3037 627 3125 Archytam
641 3036 818 3129 Nearchus
828 3037 1039 3120 Tarentinus,
1051 3035 1172 3124 hospes
1228 3026 1229 3030 ¹

167 3146 291 3224 noster,
303 3140 362 3230 qui
377 3140 414 3218 111
427 3140 577 3222 amicitia
589 3140 708 3229 populi
721 3139 869 3206 Romani
883 3143 1123 3228 permanserat,
1136 3160 1173 3206 se

167 3266 189 3312 a
209 3244 393 3312 maioribus
418 3248 502 3310 natu
527 3245 693 3332 accepisse
717 3243 860 3327 dicebat,
880 3264 959 3309 cum
980 3242 1118 3331 quidem
1140 3242 1172 3308 ei

167 3346 313 3415 sermoni
335 3347 544 3414 interfuisset
566 3347 668 3439 Plato
688 3345 916 3429 Atheniensis
932 3366 1034 3433 quem
1051 3345 1174 3412 Taren·

128 3449 818 3540 16111161166611061111116,1160161116
829 3449 1171 3536 oonsulibusreperio.

168 3554 318 3633 Quorsus
334 3552 420 3619 11661
463 3554 514 3621 Ut
527 3552 779 3642 intellegeretis,
791 3552 820 3618 si
834 3551 1047 3639 voluptatem
1064 3564 1219 3638 asper-42

168 3657 243 3723 nari
259 3657 391 3724 ratione
409 3660 444 3725 61
463 3655 630 3745 sapientia
650 3675 720 3723 non
740 3675 922 3743 possemus,
937 3673 1099 3742 magnam
1115 3653 1173 3720 ha-
