2684 4186
423 894 472 962 M.
490 892 629 962 TULLI
655 882 908 977 CICERONIS

195 1071 469 1158 LAELIUS
509 1071 589 1155 DE
631 1069 916 1155 AMICITIA
956 1071 1141 1156 LIBIIR

334 1266 400 1328 An
424 1266 461 1329 r.
482 1262 759 1327 Pomorum
782 1262 999 1329 arricum

209 1549 250 1629 Q.
266 1480 398 1614 Mucius
415 1567 524 1635 augur
540 1548 627 1613 mult
612 1552 649 1614 ta
664 1568 803 1614 narrare
817 1545 911 1614 deO.
924 1547 1038 1614 Laelio
1055 1529 1198 1614 socero1

166 1672 228 1718 suo
244 1650 440 1716 memoriter
457 1653 494 1714 et
510 1649 655 1714 iucunde
676 1649 806 1714 solebat
823 1669 886 1714 nee
901 1649 1056 1715 dubitare
1072 1619 1195 1715 illuml

166 1753 204 1817 in
221 1752 314 1817 omni
332 1770 485 1816 sermone
507 1750 678 1836 appellare
699 1750 908 1836 sapientem3
933 1771 997 1838 ego
1019 1755 1133 1816 autem
1149 1772 1171 1816 a

166 1858 227 1941 pat
229 1875 266 1918 re
212 1853 334 1919 itta
350 1872 443 1917 eram
460 1850 623 1916 deductus
644 1851 689 1917 ad
711 1851 908 1921 Scaevolam
928 1855 1042 1937 sumpt
1043 1872 1065 1917 a
1027 1851 1172 1918 tvirili

142 1961 259 2043 stega,
274 1958 323 2037 ut,
339 1953 450 2041 quoad
468 1973 601 2039 possem
619 1956 654 2018 et
671 1952 796 2036 haeret,
812 1973 834 2018 1
850 1952 939 2018 senis
955 1953 1061 2018 latere
1077 1972 1172 2017 num-

167 2078 269 2146 quam
286 2055 509 2139 diseederem3
531 2055 646 2143 itaque
662 2055 772 2121 multa
788 2055 832 2122 ab
848 2075 890 2121 eo
907 2053 1092 2142 prudenter
1109 2054 1173 2120 dis-

166 2163 296 2247 putata,
313 2158 424 2223 multa
445 2157 549 2223 etiam
569 2156 718 2224 breviter
740 2161 775 2223 et
797 2157 973 2223 eommode
994 2157 1085 2223 dieta
1105 2177 1173 2223 me

165 2262 293 2328 moriae
313 2261 518 2326 mandabam
538 2260 679 2348 fierique
701 2258 879 2326 studebam
901 2260 971 2327 eius
990 2259 1172 2348 prudentia
1188 2336 1192 2345 ยน

165 2365 305 2431 doctior.
351 2363 428 2442 Quo
450 2367 586 2430 mortuo
608 2385 663 2429 me
686 2363 731 2429 ad
752 2364 951 2450 pontificem
974 2364 1172 2430 Scaevolam

126 2484 157 2531 10
166 2467 303 2550 contuli,
323 2487 426 2554 quem
449 2485 556 2529 unum
580 2470 716 2532 nostrae
741 2466 888 2532 civitatis
913 2471 949 2532 et
973 2466 1111 2553 ingenio
1135 2471 1172 2533 et

165 2570 296 2636 iustitia
316 2567 644 2656 praestantissimum
667 2568 774 2634 audeo
796 2569 915 2636 dicere.
961 2569 1028 2635 Sed
1046 2567 1089 2634 de
1107 2569 1173 2636 hoo

166 2673 269 2754 alias3
291 2691 381 2736 nuno
394 2670 496 2735 redeo
510 2668 555 2734 ad
569 2690 741 2756 augurem.

210 2773 299 2839 Oum
316 2792 414 2858 saepe
431 2770 550 2853 multa,
566 2775 641 2835 tum
656 2770 796 2835 memini
810 2770 903 2836 domi
919 2770 957 2835 in
972 2770 1199 2858 hemicyclioa

167 2874 350 2955 sedentem,
365 2877 405 2937 ut
422 2871 562 2954 solebat,
578 2891 656 2937 oum
673 2876 708 2936 11
726 2891 791 2958 ego
809 2892 917 2939 essem
934 2892 1003 2939 una
1022 2878 1057 2939 et
1075 2873 1174 2960 pauci

127 2995 157 3041 rs
167 2975 349 3050 admodum
365 2973 559 3056 familiares,
571 2972 608 3037 in
619 2993 697 3038 eum
710 2992 900 3042 sermonem
909 2974 1007 3042 illurn
1017 2974 1172 3060 incidere,

167 3079 225 3167 qui
242 3083 319 3144 tum
334 3076 512 3164 permultis
530 3080 604 3142 erat
621 3076 658 3141 in
675 3096 743 3142 ore.
788 3075 976 3144 Meministi
993 3077 1084 3146 enim
1099 3099 1174 3166 pro

166 3182 267 3263 feoto,
286 3180 412 3263 Attioe,
434 3183 468 3245 et
490 3199 531 3245 eo
553 3178 673 3267 magis,
692 3178 783 3267 quod
804 3179 843 3246 P.
863 3179 1013 3268 Sulpicio
1034 3182 1174 3249 utebare

166 3283 322 3365 multum,
333 3303 410 3347 eum
420 3281 449 3347 is
459 3281 616 3347 tribunus
630 3282 739 3369 plebis
753 3282 890 3370 capitali
902 3283 1175 3362 1111101111-

166 3385 253 3471 peio,
265 3384 323 3472 qui
340 3388 416 3449 tum
433 3388 506 3450 erat
524 3384 649 3466 eonsul,
662 3384 847 3467 dissideret,
860 3406 1005 3472 quocum
1022 3386 1175 3452 ooniune

126 3503 158 3550 ao
166 3487 296 3553 tissime
310 3491 344 3552 et
359 3486 588 3556 amantissime
601 3486 743 3570 vixerat,
756 3491 884 3574 quanta
897 3492 984 3554 esset
998 3487 1175 3553 hominum

167 3588 223 3655 vel
236 3587 416 3656 admiratio
429 3588 486 3656 vel
499 3587 645 3679 querela.
689 3587 810 3682 Itaque
824 3592 901 3660 tum
915 3587 1085 3672 Scaevola,
1097 3600 1200 3666 eume
