<?xml version="1.0" encoding="UTF-8"?>
<!DOCTYPE html PUBLIC "-//W3C//DTD XHTML 1.0 Transitional//EN"
    "http://www.w3.org/TR/xhtml1/DTD/xhtml1-transitional.dtd">
<html xmlns="http://www.w3.org/1999/xhtml" xml:lang="en" lang="en">
 <head>
  <title>
</title>
<meta http-equiv="Content-Type" content="text/html;charset=utf-8" />
  <meta name='ocr-system' content='tesseract 3.04.00' />
  <meta name='ocr-capabilities' content='ocr_page ocr_carea ocr_par ocr_line ocrx_word'/>
</head>
<body>
  <div class='ocr_page' id='page_1' title='image "./catomajoretlail00cicegoog_0059.png"; bbox 0 0 2714 4216; ppageno 0'>
   <div class='ocr_carea' id='block_1_1' title="bbox 182 348 970 425">
    <p class='ocr_par' dir='ltr' id='par_1_1' title="bbox 182 348 970 425">
     <span class='ocr_line' id='line_1_1' title="bbox 182 348 970 425; baseline -0.001 -17"><span class='ocrx_word' id='word_1_1' title='bbox 182 360 226 425; x_wconf 78' lang='lat'><strong>34</strong></span> <span class='ocrx_word' id='word_1_2' title='bbox 395 350 495 408; x_wconf 78' lang='lat' dir='ltr'><strong>earo</strong></span> <span class='ocrx_word' id='word_1_3' title='bbox 517 349 644 406; x_wconf 80' lang='lat' dir='ltr'><strong>uarou</strong></span> <span class='ocrx_word' id='word_1_4' title='bbox 664 349 718 404; x_wconf 84' lang='lat' dir='ltr'><strong>un</strong></span> <span class='ocrx_word' id='word_1_5' title='bbox 740 348 970 407; x_wconf 78' lang='lat' dir='ltr'><strong>sannorum.</strong></span> 
     </span>
    </p>
   </div>
   <div class='ocr_carea' id='block_1_2' title="bbox 128 501 1240 3765">
    <p class='ocr_par' dir='ltr' id='par_1_2' title="bbox 128 501 1240 3765">
     <span class='ocr_line' id='line_1_2' title="bbox 182 501 1200 591; baseline -0.001 -19"><span class='ocrx_word' id='word_1_6' title='bbox 182 502 417 572; x_wconf 77' lang='lat' dir='ltr'>relaxaverint.</span> <span class='ocrx_word' id='word_1_7' title='bbox 455 502 579 587; x_wconf 81' lang='lat' dir='ltr'><strong>Quare,</strong></span> <span class='ocrx_word' id='word_1_8' title='bbox 588 501 712 570; x_wconf 87' lang='lat' dir='ltr'><strong>sihaeo</strong></span> <span class='ocrx_word' id='word_1_9' title='bbox 725 502 776 569; x_wconf 89' lang='lat' dir='ltr'><strong>ita</strong></span> <span class='ocrx_word' id='word_1_10' title='bbox 786 505 875 587; x_wconf 85' lang='lat' dir='ltr'><strong>sunt,</strong></span> <span class='ocrx_word' id='word_1_11' title='bbox 886 501 935 569; x_wconf 88' lang='lat' dir='ltr'><strong>sie</strong></span> <span class='ocrx_word' id='word_1_12' title='bbox 949 521 1005 569; x_wconf 90' lang='lat' dir='ltr'><strong>me</strong></span> <span class='ocrx_word' id='word_1_13' title='bbox 1018 501 1200 591; x_wconf 83' lang='lat' dir='ltr'><strong>eolitote,”</strong></span> 
     </span>
     <span class='ocr_line' id='line_1_3' title="bbox 182 604 1200 696; baseline 0.001 -22"><span class='ocrx_word' id='word_1_14' title='bbox 182 607 302 696; x_wconf 89' lang='lat' dir='ltr'><strong>inquit,</strong></span> <span class='ocrx_word' id='word_1_15' title='bbox 315 609 383 672; x_wconf 86' lang='lat' dir='ltr'><strong>“ut</strong></span> <span class='ocrx_word' id='word_1_16' title='bbox 397 606 517 689; x_wconf 85' lang='lat' dir='ltr'><strong>deum3</strong></span> <span class='ocrx_word' id='word_1_17' title='bbox 537 605 590 671; x_wconf 88' lang='lat' dir='ltr'><strong>sin</strong></span> <span class='ocrx_word' id='word_1_18' title='bbox 603 626 673 672; x_wconf 89' lang='lat' dir='ltr'><strong>una</strong></span> <span class='ocrx_word' id='word_1_19' title='bbox 686 611 739 672; x_wconf 91' lang='lat' dir='ltr'><strong>est</strong></span> <span class='ocrx_word' id='word_1_20' title='bbox 752 604 951 672; x_wconf 89' lang='lat' dir='ltr'><strong>interiturus</strong></span> <span class='ocrx_word' id='word_1_21' title='bbox 965 606 1101 673; x_wconf 89' lang='lat' dir='ltr'><strong>animus</strong></span> <span class='ocrx_word' id='word_1_22' title='bbox 1115 628 1200 675; x_wconf 88' lang='lat' dir='ltr'><strong>eum</strong></span> 
     </span>
     <span class='ocr_line' id='line_1_4' title="bbox 183 707 1199 798; baseline 0.002 -22"><span class='ocrx_word' id='word_1_23' title='bbox 183 731 331 798; x_wconf 85' lang='lat' dir='ltr'><strong>corpore,</strong></span> <span class='ocrx_word' id='word_1_24' title='bbox 352 729 413 775; x_wconf 85' lang='lat' dir='ltr'><strong>vos</strong></span> <span class='ocrx_word' id='word_1_25' title='bbox 434 712 553 775; x_wconf 89' lang='lat' dir='ltr'><strong>tamen</strong></span> <span class='ocrx_word' id='word_1_26' title='bbox 575 707 656 775; x_wconf 92' lang='lat' dir='ltr'><strong>deos</strong></span> <span class='ocrx_word' id='word_1_27' title='bbox 677 711 842 792; x_wconf 75' lang='lat' dir='ltr'><strong>verentes,</strong></span> <span class='ocrx_word' id='word_1_28' title='bbox 863 707 921 795; x_wconf 92' lang='lat' dir='ltr'><strong>qui</strong></span> <span class='ocrx_word' id='word_1_29' title='bbox 942 707 1032 774; x_wconf 90' lang='lat' dir='ltr'><strong>hano</strong></span> <span class='ocrx_word' id='word_1_30' title='bbox 1054 730 1199 778; x_wconf 88' lang='lat' dir='ltr'><strong>omnem</strong></span> 
     </span>
     <span class='ocr_line' id='line_1_5' title="bbox 183 814 1198 903; baseline 0.003 -22"><span class='ocrx_word' id='word_1_31' title='bbox 183 814 470 903; x_wconf 82' lang='lat' dir='ltr'><strong>pulchritudinem</strong></span> <span class='ocrx_word' id='word_1_32' title='bbox 491 817 632 880; x_wconf 92' lang='lat' dir='ltr'><strong>tuentur</strong></span> <span class='ocrx_word' id='word_1_33' title='bbox 652 817 688 880; x_wconf 90' lang='lat' dir='ltr'><strong>et</strong></span> <span class='ocrx_word' id='word_1_34' title='bbox 709 817 843 901; x_wconf 88' lang='lat' dir='ltr'><strong>regunt,</strong></span> <span class='ocrx_word' id='word_1_35' title='bbox 862 815 1062 881; x_wconf 81' lang='lat' dir='ltr'><strong>memoriam</strong></span> <span class='ocrx_word' id='word_1_36' title='bbox 1082 818 1198 884; x_wconf 86' lang='lat' dir='ltr'><strong>nostri</strong></span> 
     </span>
     <span class='ocr_line' id='line_1_6' title="bbox 128 887 1236 1029; baseline 0.007 -48"><span class='ocrx_word' id='word_1_37' title='bbox 128 887 173 1029; x_wconf 53' lang='grc' dir='ltr'><strong>ἒξ</strong></span> <span class='ocrx_word' id='word_1_38' title='bbox 184 917 239 1004; x_wconf 91' lang='lat' dir='ltr'><strong>pie</strong></span> <span class='ocrx_word' id='word_1_39' title='bbox 253 917 480 1005; x_wconf 80' lang='lat' dir='ltr'><strong>inviolateque</strong></span> <span class='ocrx_word' id='word_1_40' title='bbox 494 914 701 983; x_wconf 87' lang='lat' dir='ltr'><strong>servabitis.&#39;&#39;</strong></span> <span class='ocrx_word' id='word_1_41' title='bbox 747 916 857 1003; x_wconf 78' lang='lat' dir='ltr'><strong>Cyrus</strong></span> <span class='ocrx_word' id='word_1_42' title='bbox 872 915 1009 1004; x_wconf 93' lang='lat' dir='ltr'><strong>quidem</strong></span> <span class='ocrx_word' id='word_1_43' title='bbox 1022 917 1108 984; x_wconf 86' lang='lat' dir='ltr'><strong>haee</strong></span> <span class='ocrx_word' id='word_1_44' title='bbox 1122 939 1196 987; x_wconf 85' lang='lat' dir='ltr'><strong>mo</strong></span> <span class='ocrx_word' id='word_1_45' title='bbox 1220 941 1236 989; x_wconf 80' lang='lat' dir='ltr'><strong>s</strong></span> 
     </span>
     <span class='ocr_line' id='line_1_7' title="bbox 183 1017 1195 1109; baseline 0.004 -25"><span class='ocrx_word' id='word_1_46' title='bbox 183 1020 290 1103; x_wconf 90' lang='lat' dir='ltr'><strong>riens;</strong></span> <span class='ocrx_word' id='word_1_47' title='bbox 307 1041 378 1103; x_wconf 87' lang='lat' dir='ltr'><strong>nos,</strong></span> <span class='ocrx_word' id='word_1_48' title='bbox 388 1020 416 1086; x_wconf 91' lang='lat' dir='ltr'><strong>si</strong></span> <span class='ocrx_word' id='word_1_49' title='bbox 426 1019 546 1108; x_wconf 74' lang='lat' dir='ltr'><strong>placet,</strong></span> <span class='ocrx_word' id='word_1_50' title='bbox 556 1023 673 1085; x_wconf 88' lang='lat' dir='ltr'><strong>nostra</strong></span> <span class='ocrx_word' id='word_1_51' title='bbox 682 1017 865 1085; x_wconf 81' lang='lat' dir='ltr'><strong>videamus.</strong></span> <span class='ocrx_word' id='word_1_52' title='bbox 902 1019 1014 1086; x_wconf 88' lang='lat' dir='ltr'><strong>Nemo</strong></span> <span class='ocrx_word' id='word_1_53' title='bbox 1026 1040 1195 1109; x_wconf 88' lang='lat' dir='ltr'><strong>umquam</strong></span> 
     </span>
     <span class='ocr_line' id='line_1_8' title="bbox 182 1121 1195 1210; baseline 0.004 -24"><span class='ocrx_word' id='word_1_54' title='bbox 182 1122 277 1205; x_wconf 88' lang='lat' dir='ltr'><strong>mihi,</strong></span> <span class='ocrx_word' id='word_1_55' title='bbox 300 1123 421 1210; x_wconf 84' lang='lat' dir='ltr'><strong>Scipio,</strong></span> <span class='ocrx_word' id='word_1_56' title='bbox 440 1121 656 1209; x_wconf 82' lang='lat' dir='ltr'><strong>persuadebit</strong></span> <span class='ocrx_word' id='word_1_57' title='bbox 681 1124 741 1186; x_wconf 90' lang='lat' dir='ltr'><strong>aut</strong></span> <span class='ocrx_word' id='word_1_58' title='bbox 763 1125 897 1208; x_wconf 90' lang='lat' dir='ltr'><strong>patrem</strong></span> <span class='ocrx_word' id='word_1_59' title='bbox 922 1125 1021 1187; x_wconf 92' lang='lat' dir='ltr'><strong>tuum</strong></span> <span class='ocrx_word' id='word_1_60' title='bbox 1042 1121 1195 1190; x_wconf 87' lang='lat' dir='ltr'><strong>Paulum</strong></span> 
     </span>
     <span class='ocr_line' id='line_1_9' title="bbox 183 1221 1194 1307; baseline 0.005 -18"><span class='ocrx_word' id='word_1_61' title='bbox 183 1229 244 1289; x_wconf 89' lang='lat' dir='ltr'><strong>aut</strong></span> <span class='ocrx_word' id='word_1_62' title='bbox 269 1225 352 1290; x_wconf 93' lang='lat' dir='ltr'><strong>duos</strong></span> <span class='ocrx_word' id='word_1_63' title='bbox 376 1244 466 1306; x_wconf 75' lang='lat' dir='ltr'><strong>evoe,</strong></span> <span class='ocrx_word' id='word_1_64' title='bbox 487 1222 634 1288; x_wconf 91' lang='lat' dir='ltr'><strong>Paulum</strong></span> <span class='ocrx_word' id='word_1_65' title='bbox 658 1227 693 1288; x_wconf 92' lang='lat' dir='ltr'><strong>et</strong></span> <span class='ocrx_word' id='word_1_66' title='bbox 716 1221 930 1307; x_wconf 74' lang='lat' dir='ltr'><strong>Africanum,</strong></span> <span class='ocrx_word' id='word_1_67' title='bbox 950 1228 1010 1290; x_wconf 92' lang='lat' dir='ltr'><strong>aut</strong></span> <span class='ocrx_word' id='word_1_68' title='bbox 1031 1224 1194 1294; x_wconf 80' lang='lat' dir='ltr'><strong>Africani</strong></span> 
     </span>
     <span class='ocr_line' id='line_1_10' title="bbox 182 1324 1191 1414; baseline 0.004 -22"><span class='ocrx_word' id='word_1_69' title='bbox 182 1331 316 1414; x_wconf 88' lang='lat' dir='ltr'><strong>patrem</strong></span> <span class='ocrx_word' id='word_1_70' title='bbox 340 1330 400 1391; x_wconf 92' lang='lat' dir='ltr'><strong>aut</strong></span> <span class='ocrx_word' id='word_1_71' title='bbox 423 1328 583 1411; x_wconf 91' lang='lat' dir='ltr'><strong>patruum</strong></span> <span class='ocrx_word' id='word_1_72' title='bbox 612 1329 673 1391; x_wconf 92' lang='lat' dir='ltr'><strong>aut</strong></span> <span class='ocrx_word' id='word_1_73' title='bbox 696 1324 824 1392; x_wconf 87' lang='lat' dir='ltr'><strong>multos</strong></span> <span class='ocrx_word' id='word_1_74' title='bbox 851 1330 1062 1414; x_wconf 77' lang='lat' dir='ltr'><strong>praestantes</strong></span> <span class='ocrx_word' id='word_1_75' title='bbox 1086 1329 1191 1414; x_wconf 87' lang='lat' dir='ltr'><strong>viros,</strong></span> 
     </span>
     <span class='ocr_line' id='line_1_11' title="bbox 182 1431 1235 1515; baseline 0.009 -22"><span class='ocrx_word' id='word_1_76' title='bbox 182 1448 266 1515; x_wconf 90' lang='lat' dir='ltr'><strong>quos</strong></span> <span class='ocrx_word' id='word_1_77' title='bbox 295 1446 491 1493; x_wconf 90' lang='lat' dir='ltr'><strong>enumerare</strong></span> <span class='ocrx_word' id='word_1_78' title='bbox 519 1444 590 1492; x_wconf 93' lang='lat' dir='ltr'><strong>non</strong></span> <span class='ocrx_word' id='word_1_79' title='bbox 617 1431 670 1493; x_wconf 89' lang='lat' dir='ltr'><strong>est</strong></span> <span class='ocrx_word' id='word_1_80' title='bbox 698 1447 842 1513; x_wconf 85' lang='lat' dir='ltr'><strong>neeesse,</strong></span> <span class='ocrx_word' id='word_1_81' title='bbox 865 1433 965 1496; x_wconf 89' lang='lat' dir='ltr'><strong>tanta</strong></span> <span class='ocrx_word' id='word_1_82' title='bbox 993 1449 1065 1497; x_wconf 87' lang='lat' dir='ltr'><strong>esse</strong></span> <span class='ocrx_word' id='word_1_83' title='bbox 1092 1451 1235 1504; x_wconf 84' lang='lat' dir='ltr'><strong>oona-10</strong></span> 
     </span>
     <span class='ocr_line' id='line_1_12' title="bbox 181 1528 1193 1619; baseline 0.006 -24"><span class='ocrx_word' id='word_1_84' title='bbox 181 1533 245 1610; x_wconf 89' lang='lat' dir='ltr'><strong>tos,</strong></span> <span class='ocrx_word' id='word_1_85' title='bbox 263 1548 350 1616; x_wconf 90' lang='lat' dir='ltr'><strong>quae</strong></span> <span class='ocrx_word' id='word_1_86' title='bbox 370 1528 415 1595; x_wconf 89' lang='lat' dir='ltr'><strong>ad</strong></span> <span class='ocrx_word' id='word_1_87' title='bbox 435 1528 644 1616; x_wconf 89' lang='lat' dir='ltr'><strong>posteritatis</strong></span> <span class='ocrx_word' id='word_1_88' title='bbox 666 1529 865 1597; x_wconf 89' lang='lat' dir='ltr'><strong>memoriam</strong></span> <span class='ocrx_word' id='word_1_89' title='bbox 886 1531 1104 1619; x_wconf 84' lang='lat' dir='ltr'><strong>pertinerent,</strong></span> <span class='ocrx_word' id='word_1_90' title='bbox 1122 1535 1193 1602; x_wconf 91' lang='lat' dir='ltr'><strong>nisi</strong></span> 
     </span>
     <span class='ocr_line' id='line_1_13' title="bbox 181 1630 1193 1721; baseline 0.007 -25"><span class='ocrx_word' id='word_1_91' title='bbox 181 1630 296 1697; x_wconf 87' lang='lat' dir='ltr'><strong>animo</strong></span> <span class='ocrx_word' id='word_1_92' title='bbox 321 1635 496 1698; x_wconf 79' lang='lat' dir='ltr'><strong>cernerent</strong></span> <span class='ocrx_word' id='word_1_93' title='bbox 520 1632 756 1720; x_wconf 88' lang='lat' dir='ltr'><strong>posteritatem</strong></span> <span class='ocrx_word' id='word_1_94' title='bbox 780 1633 825 1699; x_wconf 91' lang='lat' dir='ltr'><strong>ad</strong></span> <span class='ocrx_word' id='word_1_95' title='bbox 847 1653 883 1699; x_wconf 91' lang='lat' dir='ltr'><strong>se</strong></span> <span class='ocrx_word' id='word_1_96' title='bbox 907 1634 1085 1721; x_wconf 88' lang='lat' dir='ltr'><strong>pertinere.</strong></span> <span class='ocrx_word' id='word_1_97' title='bbox 1129 1637 1193 1703; x_wconf 90' lang='lat' dir='ltr'><strong>An</strong></span> 
     </span>
     <span class='ocr_line' id='line_1_14' title="bbox 182 1734 1193 1826; baseline 0.006 -26"><span class='ocrx_word' id='word_1_98' title='bbox 182 1752 305 1820; x_wconf 82' lang='lat' dir='ltr'><strong>censes,</strong></span> <span class='ocrx_word' id='word_1_99' title='bbox 319 1738 359 1801; x_wconf 94' lang='lat' dir='ltr'><strong>ut</strong></span> <span class='ocrx_word' id='word_1_100' title='bbox 374 1734 417 1801; x_wconf 90' lang='lat' dir='ltr'><strong>de</strong></span> <span class='ocrx_word' id='word_1_101' title='bbox 430 1756 486 1802; x_wconf 89' lang='lat' dir='ltr'><strong>me</strong></span> <span class='ocrx_word' id='word_1_102' title='bbox 502 1734 575 1823; x_wconf 89' lang='lat' dir='ltr'><strong>ipse</strong></span> <span class='ocrx_word' id='word_1_103' title='bbox 592 1734 721 1825; x_wconf 89' lang='lat' dir='ltr'><strong>aliquid</strong></span> <span class='ocrx_word' id='word_1_104' title='bbox 737 1757 832 1803; x_wconf 90' lang='lat' dir='ltr'><strong>more</strong></span> <span class='ocrx_word' id='word_1_105' title='bbox 849 1756 969 1803; x_wconf 91' lang='lat' dir='ltr'><strong>senum</strong></span> <span class='ocrx_word' id='word_1_106' title='bbox 983 1737 1118 1826; x_wconf 85' lang='lat' dir='ltr'><strong>glorier,</strong></span> <span class='ocrx_word' id='word_1_107' title='bbox 1135 1759 1193 1806; x_wconf 89' lang='lat' dir='ltr'><strong>me</strong></span> 
     </span>
     <span class='ocr_line' id='line_1_15' title="bbox 181 1837 1193 1929; baseline 0.003 -24"><span class='ocrx_word' id='word_1_108' title='bbox 181 1839 298 1905; x_wconf 83' lang='lat' dir='ltr'><strong>tantos</strong></span> <span class='ocrx_word' id='word_1_109' title='bbox 311 1837 444 1906; x_wconf 88' lang='lat' dir='ltr'><strong>labores</strong></span> <span class='ocrx_word' id='word_1_110' title='bbox 458 1838 597 1906; x_wconf 90' lang='lat' dir='ltr'><strong>diurnos</strong></span> <span class='ocrx_word' id='word_1_111' title='bbox 613 1843 863 1927; x_wconf 85' lang='lat' dir='ltr'><strong>nocturnosque</strong></span> <span class='ocrx_word' id='word_1_112' title='bbox 876 1839 969 1905; x_wconf 92' lang='lat' dir='ltr'><strong>domi</strong></span> <span class='ocrx_word' id='word_1_113' title='bbox 983 1839 1193 1929; x_wconf 88' lang='lat' dir='ltr'><strong>militiaeque</strong></span> 
     </span>
     <span class='ocr_line' id='line_1_16' title="bbox 182 1941 1235 2031; baseline 0.005 -21"><span class='ocrx_word' id='word_1_114' title='bbox 182 1946 417 2031; x_wconf 83' lang='lat' dir='ltr'><strong>suseepturum</strong></span> <span class='ocrx_word' id='word_1_115' title='bbox 438 1941 551 2026; x_wconf 86' lang='lat' dir='ltr'><strong>fuisse,</strong></span> <span class='ocrx_word' id='word_1_116' title='bbox 572 1941 600 2008; x_wconf 90' lang='lat' dir='ltr'><strong>si</strong></span> <span class='ocrx_word' id='word_1_117' title='bbox 623 1942 732 2010; x_wconf 90' lang='lat' dir='ltr'><strong>isdem</strong></span> <span class='ocrx_word' id='word_1_118' title='bbox 753 1942 878 2008; x_wconf 88' lang='lat' dir='ltr'><strong>finibus</strong></span> <span class='ocrx_word' id='word_1_119' title='bbox 900 1942 1046 2029; x_wconf 83' lang='lat' dir='ltr'><strong>gloriam</strong></span> <span class='ocrx_word' id='word_1_120' title='bbox 1067 1962 1235 2030; x_wconf 74' lang='lat' dir='ltr'><strong>meamus</strong></span> 
     </span>
     <span class='ocr_line' id='line_1_17' title="bbox 183 2044 1194 2131; baseline 0.004 -21"><span class='ocrx_word' id='word_1_121' title='bbox 183 2044 305 2131; x_wconf 88' lang='lat' dir='ltr'><strong>quibus</strong></span> <span class='ocrx_word' id='word_1_122' title='bbox 329 2045 446 2128; x_wconf 88' lang='lat' dir='ltr'><strong>vitam,</strong></span> <span class='ocrx_word' id='word_1_123' title='bbox 468 2065 576 2111; x_wconf 87' lang='lat' dir='ltr'><strong>essem</strong></span> <span class='ocrx_word' id='word_1_124' title='bbox 604 2044 871 2110; x_wconf 81' lang='lat' dir='ltr'><strong>terminaturusl</strong></span> <span class='ocrx_word' id='word_1_125' title='bbox 920 2044 1045 2110; x_wconf 88' lang='lat' dir='ltr'><strong>Nonne</strong></span> <span class='ocrx_word' id='word_1_126' title='bbox 1068 2045 1194 2114; x_wconf 85' lang='lat' dir='ltr'><strong>melius</strong></span> 
     </span>
     <span class='ocr_line' id='line_1_18' title="bbox 181 2144 1195 2230; baseline 0.007 -21"><span class='ocrx_word' id='word_1_127' title='bbox 181 2146 292 2212; x_wconf 91' lang='lat' dir='ltr'><strong>multo</strong></span> <span class='ocrx_word' id='word_1_128' title='bbox 314 2147 433 2213; x_wconf 86' lang='lat' dir='ltr'><strong>fuisset</strong></span> <span class='ocrx_word' id='word_1_129' title='bbox 455 2146 600 2212; x_wconf 88' lang='lat' dir='ltr'><strong>otiosam</strong></span> <span class='ocrx_word' id='word_1_130' title='bbox 622 2149 771 2212; x_wconf 86' lang='lat' dir='ltr'><strong>aetatem</strong></span> <span class='ocrx_word' id='word_1_131' title='bbox 793 2149 829 2211; x_wconf 92' lang='lat' dir='ltr'><strong>et</strong></span> <span class='ocrx_word' id='word_1_132' title='bbox 851 2144 1000 2230; x_wconf 86' lang='lat' dir='ltr'><strong>quietam</strong></span> <span class='ocrx_word' id='word_1_133' title='bbox 1023 2146 1096 2213; x_wconf 90' lang='lat' dir='ltr'><strong>sine</strong></span> <span class='ocrx_word' id='word_1_134' title='bbox 1118 2149 1195 2216; x_wconf 94' lang='lat' dir='ltr'><strong>ullo</strong></span> 
     </span>
     <span class='ocr_line' id='line_1_19' title="bbox 181 2243 1196 2338; baseline 0.001 -27"><span class='ocrx_word' id='word_1_135' title='bbox 181 2243 297 2312; x_wconf 91' lang='lat' dir='ltr'><strong>labore</strong></span> <span class='ocrx_word' id='word_1_136' title='bbox 324 2252 360 2313; x_wconf 90' lang='lat' dir='ltr'><strong>et</strong></span> <span class='ocrx_word' id='word_1_137' title='bbox 388 2247 607 2314; x_wconf 90' lang='lat' dir='ltr'><strong>eontentione</strong></span> <span class='ocrx_word' id='word_1_138' title='bbox 634 2245 834 2311; x_wconf 76' lang='lat' dir='ltr'><strong>traduceret</strong></span> <span class='ocrx_word' id='word_1_139' title='bbox 885 2245 953 2321; x_wconf 84' lang='lat' dir='ltr'><strong>Sed</strong></span> <span class='ocrx_word' id='word_1_140' title='bbox 980 2246 1092 2311; x_wconf 87' lang='lat' dir='ltr'><strong>neseio</strong></span> <span class='ocrx_word' id='word_1_141' title='bbox 1121 2271 1196 2338; x_wconf 84' lang='lat' dir='ltr'><strong>quo</strong></span> 
     </span>
     <span class='ocr_line' id='line_1_20' title="bbox 181 2345 1197 2438; baseline 0.007 -27"><span class='ocrx_word' id='word_1_142' title='bbox 181 2346 283 2412; x_wconf 93' lang='lat' dir='ltr'><strong>modo</strong></span> <span class='ocrx_word' id='word_1_143' title='bbox 298 2348 430 2414; x_wconf 89' lang='lat' dir='ltr'><strong>animus</strong></span> <span class='ocrx_word' id='word_1_144' title='bbox 447 2348 580 2436; x_wconf 88' lang='lat' dir='ltr'><strong>erigens</strong></span> <span class='ocrx_word' id='word_1_145' title='bbox 597 2367 633 2413; x_wconf 87' lang='lat' dir='ltr'><strong>se</strong></span> <span class='ocrx_word' id='word_1_146' title='bbox 649 2346 884 2433; x_wconf 86' lang='lat' dir='ltr'><strong>posteritatem</strong></span> <span class='ocrx_word' id='word_1_147' title='bbox 901 2345 951 2412; x_wconf 91' lang='lat' dir='ltr'><strong>ita</strong></span> <span class='ocrx_word' id='word_1_148' title='bbox 967 2367 1099 2435; x_wconf 90' lang='lat' dir='ltr'><strong>semper</strong></span> <span class='ocrx_word' id='word_1_149' title='bbox 1114 2370 1197 2438; x_wconf 79' lang='lat' dir='ltr'><strong>pro</strong></span> 
     </span>
     <span class='ocr_line' id='line_1_21' title="bbox 182 2446 1240 2543; baseline 0.009 -27"><span class='ocrx_word' id='word_1_150' title='bbox 182 2447 354 2536; x_wconf 84' lang='lat' dir='ltr'><strong>spiciebat,</strong></span> <span class='ocrx_word' id='word_1_151' title='bbox 371 2450 476 2538; x_wconf 87' lang='lat' dir='ltr'><strong>quasi,</strong></span> <span class='ocrx_word' id='word_1_152' title='bbox 495 2469 573 2516; x_wconf 89' lang='lat' dir='ltr'><strong>eum</strong></span> <span class='ocrx_word' id='word_1_153' title='bbox 593 2446 787 2514; x_wconf 86' lang='lat' dir='ltr'><strong>exoessisset</strong></span> <span class='ocrx_word' id='word_1_154' title='bbox 808 2469 828 2515; x_wconf 91' lang='lat' dir='ltr'><strong>e</strong></span> <span class='ocrx_word' id='word_1_155' title='bbox 849 2450 931 2534; x_wconf 84' lang='lat' dir='ltr'><strong>vita,</strong></span> <span class='ocrx_word' id='word_1_156' title='bbox 949 2455 1022 2516; x_wconf 95' lang='lat' dir='ltr'><strong>tum</strong></span> <span class='ocrx_word' id='word_1_157' title='bbox 1045 2450 1240 2543; x_wconf 80' lang='lat' dir='ltr'><strong>deniquero</strong></span> 
     </span>
     <span class='ocr_line' id='line_1_22' title="bbox 181 2549 1195 2639; baseline 0.008 -23"><span class='ocrx_word' id='word_1_158' title='bbox 181 2550 332 2617; x_wconf 78' lang='lat' dir='ltr'><strong>victurus</strong></span> <span class='ocrx_word' id='word_1_159' title='bbox 356 2556 452 2619; x_wconf 89' lang='lat' dir='ltr'><strong>esset.</strong></span> <span class='ocrx_word' id='word_1_160' title='bbox 497 2551 598 2631; x_wconf 82' lang='lat' dir='ltr'><strong>Quod</strong></span> <span class='ocrx_word' id='word_1_161' title='bbox 622 2549 758 2638; x_wconf 86' lang='lat' dir='ltr'><strong>quidem</strong></span> <span class='ocrx_word' id='word_1_162' title='bbox 782 2551 819 2616; x_wconf 94' lang='lat' dir='ltr'><strong>ni</strong></span> <span class='ocrx_word' id='word_1_163' title='bbox 843 2552 894 2618; x_wconf 91' lang='lat' dir='ltr'><strong>ita</strong></span> <span class='ocrx_word' id='word_1_164' title='bbox 919 2575 955 2620; x_wconf 90' lang='lat' dir='ltr'><strong>se</strong></span> <span class='ocrx_word' id='word_1_165' title='bbox 979 2553 1129 2639; x_wconf 89' lang='lat' dir='ltr'><strong>haberet,</strong></span> <span class='ocrx_word' id='word_1_166' title='bbox 1151 2564 1195 2626; x_wconf 92' lang='lat' dir='ltr'><strong>ut</strong></span> 
     </span>
     <span class='ocr_line' id='line_1_23' title="bbox 181 2639 1195 2745; baseline 0.007 -26"><span class='ocrx_word' id='word_1_167' title='bbox 181 2651 287 2720; x_wconf 88' lang='lat' dir='ltr'><strong>animi</strong></span> <span class='ocrx_word' id='word_1_168' title='bbox 310 2653 508 2722; x_wconf 86' lang='lat' dir='ltr'><strong>inmortales</strong></span> <span class='ocrx_word' id='word_1_169' title='bbox 533 2658 653 2737; x_wconf 87' lang='lat' dir='ltr'><strong>essent,</strong></span> <span class='ocrx_word' id='word_1_170' title='bbox 674 2652 767 2720; x_wconf 90' lang='lat' dir='ltr'><strong>haud</strong></span> <span class='ocrx_word' id='word_1_171' title='bbox 786 2639 914 2744; x_wconf 76' lang='lat' dir='ltr'><strong>&#39;optimi</strong></span> <span class='ocrx_word' id='word_1_172' title='bbox 939 2657 1098 2745; x_wconf 82' lang='lat' dir='ltr'><strong>cuiusque</strong></span> <span class='ocrx_word' id='word_1_173' title='bbox 1120 2659 1195 2726; x_wconf 88' lang='lat' dir='ltr'><strong>ani-</strong></span> 
     </span>
     <span class='ocr_line' id='line_1_24' title="bbox 181 2757 1192 2848; baseline 0.006 -25"><span class='ocrx_word' id='word_1_174' title='bbox 181 2773 257 2824; x_wconf 89' lang='lat' dir='ltr'><strong>mus</strong></span> <span class='ocrx_word' id='word_1_175' title='bbox 273 2757 421 2824; x_wconf 87' lang='lat' dir='ltr'><strong>maxime</strong></span> <span class='ocrx_word' id='word_1_176' title='bbox 438 2758 483 2825; x_wconf 94' lang='lat' dir='ltr'><strong>ad</strong></span> <span class='ocrx_word' id='word_1_177' title='bbox 500 2757 782 2824; x_wconf 88' lang='lat' dir='ltr'><strong>inmortalitatem</strong></span> <span class='ocrx_word' id='word_1_178' title='bbox 799 2763 834 2825; x_wconf 90' lang='lat' dir='ltr'><strong>et</strong></span> <span class='ocrx_word' id='word_1_179' title='bbox 851 2759 996 2848; x_wconf 85' lang='lat' dir='ltr'><strong>gloriam</strong></span> <span class='ocrx_word' id='word_1_180' title='bbox 1013 2760 1136 2826; x_wconf 91' lang='lat' dir='ltr'><strong>niteret</strong></span> <span class='ocrx_word' id='word_1_181' title='bbox 1183 2813 1192 2830; x_wconf 90' lang='lat'><strong>.</strong></span> 
     </span>
     <span class='ocr_line' id='line_1_25' title="bbox 135 2859 1194 2950; baseline 0.008 -28"><span class='ocrx_word' id='word_1_182' title='bbox 135 2867 172 2922; x_wconf 81' lang='grc'><strong>83</strong></span> <span class='ocrx_word' id='word_1_183' title='bbox 183 2859 296 2938; x_wconf 79' lang='lat' dir='ltr'><strong>Quidl</strong></span> <span class='ocrx_word' id='word_1_184' title='bbox 317 2860 409 2950; x_wconf 92' lang='lat' dir='ltr'><strong>quod</strong></span> <span class='ocrx_word' id='word_1_185' title='bbox 426 2860 692 2949; x_wconf 88' lang='lat' dir='ltr'><strong>sapientissimus</strong></span> <span class='ocrx_word' id='word_1_186' title='bbox 707 2860 847 2950; x_wconf 93' lang='lat' dir='ltr'><strong>quisque</strong></span> <span class='ocrx_word' id='word_1_187' title='bbox 861 2860 1061 2950; x_wconf 88' lang='lat' dir='ltr'><strong>aequissimo</strong></span> <span class='ocrx_word' id='word_1_188' title='bbox 1074 2861 1194 2931; x_wconf 89' lang='lat' dir='ltr'><strong>animo</strong></span> 
     </span>
     <span class='ocr_line' id='line_1_26' title="bbox 182 2963 1238 3052; baseline 0.007 -24"><span class='ocrx_word' id='word_1_189' title='bbox 182 2965 336 3048; x_wconf 89' lang='lat' dir='ltr'><strong>moritur,</strong></span> <span class='ocrx_word' id='word_1_190' title='bbox 349 2964 565 3032; x_wconf 87' lang='lat' dir='ltr'><strong>stultissimus</strong></span> <span class='ocrx_word' id='word_1_191' title='bbox 582 2963 802 3052; x_wconf 89' lang='lat' dir='ltr'><strong>iniquissimo,</strong></span> <span class='ocrx_word' id='word_1_192' title='bbox 818 2986 932 3032; x_wconf 91' lang='lat' dir='ltr'><strong>nonne</strong></span> <span class='ocrx_word' id='word_1_193' title='bbox 945 2965 1041 3031; x_wconf 87' lang='lat' dir='ltr'><strong>vobis</strong></span> <span class='ocrx_word' id='word_1_194' title='bbox 1054 2964 1195 3034; x_wconf 88' lang='lat' dir='ltr'><strong>videtur</strong></span> <span class='ocrx_word' id='word_1_195' title='bbox 1202 2985 1238 3035; x_wconf 72' lang='lat'><strong>25</strong></span> 
     </span>
     <span class='ocr_line' id='line_1_27' title="bbox 182 3063 1194 3156; baseline 0.006 -27"><span class='ocrx_word' id='word_1_196' title='bbox 182 3063 212 3131; x_wconf 87' lang='lat' dir='ltr'><strong>is</strong></span> <span class='ocrx_word' id='word_1_197' title='bbox 234 3066 375 3150; x_wconf 91' lang='lat' dir='ltr'><strong>animus,</strong></span> <span class='ocrx_word' id='word_1_198' title='bbox 396 3066 454 3155; x_wconf 93' lang='lat' dir='ltr'><strong>qui</strong></span> <span class='ocrx_word' id='word_1_199' title='bbox 478 3066 555 3154; x_wconf 91' lang='lat' dir='ltr'><strong>plus</strong></span> <span class='ocrx_word' id='word_1_200' title='bbox 580 3071 697 3134; x_wconf 80' lang='lat' dir='ltr'><strong>cernat</strong></span> <span class='ocrx_word' id='word_1_201' title='bbox 722 3071 757 3134; x_wconf 91' lang='lat' dir='ltr'><strong>et</strong></span> <span class='ocrx_word' id='word_1_202' title='bbox 781 3067 925 3156; x_wconf 89' lang='lat' dir='ltr'><strong>longius,</strong></span> <span class='ocrx_word' id='word_1_203' title='bbox 945 3068 1060 3134; x_wconf 82' lang='lat' dir='ltr'><strong>videre</strong></span> <span class='ocrx_word' id='word_1_204' title='bbox 1084 3082 1124 3132; x_wconf 77' lang='lat' dir='ltr'><strong>se&#39;</strong></span> <span class='ocrx_word' id='word_1_205' title='bbox 1144 3069 1194 3135; x_wconf 87' lang='lat' dir='ltr'><strong>ad</strong></span> 
     </span>
     <span class='ocr_line' id='line_1_28' title="bbox 181 3167 1191 3255; baseline 0.005 -24"><span class='ocrx_word' id='word_1_206' title='bbox 181 3167 323 3234; x_wconf 87' lang='lat' dir='ltr'><strong>meliora</strong></span> <span class='ocrx_word' id='word_1_207' title='bbox 346 3168 524 3255; x_wconf 81' lang='lat' dir='ltr'><strong>proficisci,</strong></span> <span class='ocrx_word' id='word_1_208' title='bbox 544 3169 603 3234; x_wconf 89' lang='lat' dir='ltr'><strong>ille</strong></span> <span class='ocrx_word' id='word_1_209' title='bbox 626 3175 751 3250; x_wconf 91' lang='lat' dir='ltr'><strong>autem,</strong></span> <span class='ocrx_word' id='word_1_210' title='bbox 771 3170 826 3234; x_wconf 88' lang='lat' dir='ltr'><strong>eui</strong></span> <span class='ocrx_word' id='word_1_211' title='bbox 848 3169 1002 3235; x_wconf 89' lang='lat' dir='ltr'><strong>obtusior</strong></span> <span class='ocrx_word' id='word_1_212' title='bbox 1023 3171 1068 3235; x_wconf 88' lang='lat' dir='ltr'><strong>sit</strong></span> <span class='ocrx_word' id='word_1_213' title='bbox 1090 3169 1191 3255; x_wconf 86' lang='lat' dir='ltr'><strong>aoies,</strong></span> 
     </span>
     <span class='ocr_line' id='line_1_29' title="bbox 181 3268 1191 3359; baseline 0.007 -27"><span class='ocrx_word' id='word_1_214' title='bbox 181 3288 251 3334; x_wconf 91' lang='lat' dir='ltr'><strong>non</strong></span> <span class='ocrx_word' id='word_1_215' title='bbox 270 3268 406 3338; x_wconf 73' lang='lat' dir='ltr'><strong>videret</strong></span> <span class='ocrx_word' id='word_1_216' title='bbox 449 3270 617 3359; x_wconf 88' lang='lat' dir='ltr'><strong>Equidem</strong></span> <span class='ocrx_word' id='word_1_217' title='bbox 639 3271 761 3337; x_wconf 88' lang='lat' dir='ltr'><strong>efferor</strong></span> <span class='ocrx_word' id='word_1_218' title='bbox 781 3269 895 3336; x_wconf 86' lang='lat' dir='ltr'><strong>studio</strong></span> <span class='ocrx_word' id='word_1_219' title='bbox 915 3275 1030 3357; x_wconf 89' lang='lat' dir='ltr'><strong>patres</strong></span> <span class='ocrx_word' id='word_1_220' title='bbox 1048 3275 1191 3357; x_wconf 87' lang='lat' dir='ltr'><strong>vestros,</strong></span> 
     </span>
     <span class='ocr_line' id='line_1_30' title="bbox 182 3362 1192 3457; baseline 0.007 -23"><span class='ocrx_word' id='word_1_221' title='bbox 182 3389 264 3457; x_wconf 88' lang='lat' dir='ltr'><strong>quos</strong></span> <span class='ocrx_word' id='word_1_222' title='bbox 293 3371 382 3436; x_wconf 89' lang='lat' dir='ltr'><strong>eolui</strong></span> <span class='ocrx_word' id='word_1_223' title='bbox 411 3376 447 3439; x_wconf 92' lang='lat' dir='ltr'><strong>et</strong></span> <span class='ocrx_word' id='word_1_224' title='bbox 471 3373 585 3456; x_wconf 83' lang='lat' dir='ltr'><strong>dilexi,</strong></span> <span class='ocrx_word' id='word_1_225' title='bbox 605 3362 752 3454; x_wconf 79' lang='lat' dir='ltr'><strong>uidendi,</strong></span> <span class='ocrx_word' id='word_1_226' title='bbox 775 3391 884 3457; x_wconf 88' lang='lat' dir='ltr'><strong>neque</strong></span> <span class='ocrx_word' id='word_1_227' title='bbox 907 3392 989 3437; x_wconf 84' lang='lat' dir='ltr'><strong>vero</strong></span> <span class='ocrx_word' id='word_1_228' title='bbox 1018 3393 1074 3439; x_wconf 86' lang='lat' dir='ltr'><strong>eos</strong></span> <span class='ocrx_word' id='word_1_229' title='bbox 1099 3372 1192 3441; x_wconf 90' lang='lat' dir='ltr'><strong>solos</strong></span> 
     </span>
     <span class='ocr_line' id='line_1_31' title="bbox 181 3472 1237 3562; baseline 0.007 -25"><span class='ocrx_word' id='word_1_230' title='bbox 181 3472 361 3539; x_wconf 79' lang='lat' dir='ltr'><strong>convenire</strong></span> <span class='ocrx_word' id='word_1_231' title='bbox 378 3493 471 3557; x_wconf 90' lang='lat' dir='ltr'><strong>aveo,</strong></span> <span class='ocrx_word' id='word_1_232' title='bbox 488 3494 572 3562; x_wconf 93' lang='lat' dir='ltr'><strong>quos</strong></span> <span class='ocrx_word' id='word_1_233' title='bbox 589 3474 661 3562; x_wconf 90' lang='lat' dir='ltr'><strong>ipse</strong></span> <span class='ocrx_word' id='word_1_234' title='bbox 678 3472 832 3560; x_wconf 88' lang='lat' dir='ltr'><strong>eognovi,</strong></span> <span class='ocrx_word' id='word_1_235' title='bbox 848 3472 907 3538; x_wconf 86' lang='lat' dir='ltr'><strong>sed</strong></span> <span class='ocrx_word' id='word_1_236' title='bbox 924 3472 1000 3539; x_wconf 91' lang='lat' dir='ltr'><strong>illos</strong></span> <span class='ocrx_word' id='word_1_237' title='bbox 1018 3474 1130 3557; x_wconf 90' lang='lat' dir='ltr'><strong>etiam,</strong></span> <span class='ocrx_word' id='word_1_238' title='bbox 1146 3473 1237 3544; x_wconf 77' lang='lat' dir='ltr'><strong>daeo</strong></span> 
     </span>
     <span class='ocr_line' id='line_1_32' title="bbox 182 3573 1192 3664; baseline 0.006 -26"><span class='ocrx_word' id='word_1_239' title='bbox 182 3573 302 3660; x_wconf 90' lang='lat' dir='ltr'><strong>quibus</strong></span> <span class='ocrx_word' id='word_1_240' title='bbox 318 3575 433 3642; x_wconf 82' lang='lat' dir='ltr'><strong>audivi</strong></span> <span class='ocrx_word' id='word_1_241' title='bbox 448 3580 483 3643; x_wconf 93' lang='lat' dir='ltr'><strong>et</strong></span> <span class='ocrx_word' id='word_1_242' title='bbox 496 3575 566 3664; x_wconf 91' lang='lat' dir='ltr'><strong>legi</strong></span> <span class='ocrx_word' id='word_1_243' title='bbox 583 3580 618 3643; x_wconf 89' lang='lat' dir='ltr'><strong>et</strong></span> <span class='ocrx_word' id='word_1_244' title='bbox 635 3575 707 3664; x_wconf 89' lang='lat' dir='ltr'><strong>ipse</strong></span> <span class='ocrx_word' id='word_1_245' title='bbox 724 3573 914 3662; x_wconf 79' lang='lat' dir='ltr'><strong>conscripsi.</strong></span> <span class='ocrx_word' id='word_1_246' title='bbox 959 3573 1036 3653; x_wconf 81' lang='lat' dir='ltr'><strong>Quo</strong></span> <span class='ocrx_word' id='word_1_247' title='bbox 1052 3575 1192 3663; x_wconf 89' lang='lat' dir='ltr'><strong>quidem</strong></span> 
     </span>
     <span class='ocr_line' id='line_1_33' title="bbox 181 3675 1191 3765; baseline 0.007 -24"><span class='ocrx_word' id='word_1_248' title='bbox 181 3695 238 3744; x_wconf 90' lang='lat' dir='ltr'><strong>ms</strong></span> <span class='ocrx_word' id='word_1_249' title='bbox 260 3676 530 3765; x_wconf 78' lang='lat' dir='ltr'><strong>proficiscentem</strong></span> <span class='ocrx_word' id='word_1_250' title='bbox 554 3678 647 3746; x_wconf 92' lang='lat' dir='ltr'><strong>haud</strong></span> <span class='ocrx_word' id='word_1_251' title='bbox 671 3697 752 3746; x_wconf 78' lang='lat' dir='ltr'><strong>sane</strong></span> <span class='ocrx_word' id='word_1_252' title='bbox 776 3676 851 3764; x_wconf 86' lang='lat' dir='ltr'><strong>quis</strong></span> <span class='ocrx_word' id='word_1_253' title='bbox 879 3675 980 3744; x_wconf 79' lang='lat' dir='ltr'><strong>iaoile</strong></span> <span class='ocrx_word' id='word_1_254' title='bbox 1008 3678 1191 3749; x_wconf 85' lang='lat' dir='ltr'><strong>retraxerit</strong></span> 
     </span>
    </p>
   </div>
   <div class='ocr_carea' id='block_1_3' title="bbox 0 0 1362 4216">
    <p class='ocr_par' dir='ltr' id='par_1_3' title="bbox 0 0 1362 4216">
     <span class='ocr_line' id='line_1_34' title="bbox 0 0 1362 4216; baseline 0 0"><span class='ocrx_word' id='word_1_255' title='bbox 0 0 1362 4216; x_wconf 95' lang='lat' dir='ltr'><strong> </strong></span> 
     </span>
    </p>
   </div>
  </div>
 </body>
</html>
