2684 4186
513 333 595 389 cnr.
609 335 666 390 r-c.
701 335 819 403 sss-an
1126 337 1168 402 11

164 486 348 554 maioribus
375 486 566 570 veluenmt,
592 485 653 552 sed
682 486 788 552 etiam
818 487 961 574 posteris
992 487 1167 575 proders.’'

166 589 212 655 Et
225 590 345 656 melius
357 590 522 657 Caecilius
535 590 578 655 de
592 609 671 656 seue
685 588 784 655 alteri
798 590 930 656 saeculo
943 590 1198 678 prospiciented

167 711 270 781 quarn
283 692 368 757 illud
382 692 491 758 idem:

303 809 418 877 Edepol,
432 816 564 874 senectus,
578 808 602 862 si
614 809 656 862 nil
669 809 817 876 quicquam
830 809 906 862 aliud
920 810 970 863 viti

142 910 157 956 5
304 891 441 958 Adportes
454 898 553 955 tecum,
568 907 632 945 cum
644 891 764 955 idvenis
779 907 866 945 unum
880 891 910 944 id
923 898 965 945 sat
978 897 1028 956 est,

304 973 387 1042 Quod
400 973 449 1028 diu
462 974 581 1027 vivendo
594 972 689 1038 milla,
703 989 774 1041 quae
787 989 843 1026 non
856 973 922 1037 vdlt,
936 974 1018 1027 videt

167 1091 212 1157 Et
229 1090 339 1157 multa
359 1092 512 1174 fortasse,
527 1110 613 1178 quae
630 1088 721 1157 volt!
748 1094 851 1177 atque
872 1089 908 1154 in
927 1111 976 1174 ea,
992 1111 1078 1178 quae
1099 1111 1169 1158 non

166 1194 249 1277 volt,
272 1213 371 1280 saepe
395 1192 500 1258 etiam
525 1191 754 1258 adnleseentia
777 1191 929 1258 incurrit.
974 1191 1066 1259 Illud
1087 1214 1169 1262 vero

165 1297 257 1362 idem
273 1295 437 1362 Caecilius
452 1294 625 1360 vitiosius:

126 1427 158 1476 10
282 1414 356 1467 Tum
368 1413 497 1482 equidem
509 1412 540 1466 in
552 1418 660 1467 senecta
672 1415 726 1468 hoe
739 1411 842 1480 deputo
855 1412 1045 1481 miserrimum,

235 1545 237 1549 ,
284 1495 390 1551 Sentice
402 1512 435 1550 ea
447 1501 535 1550 aetate
549 1494 660 1564 eumpse
672 1511 730 1550 esse
743 1497 871 1550 odiosum
883 1496 967 1552 alteri.

166 1613 356 1680 Iucundum
368 1613 482 1701 potius
496 1633 598 1700 quam
612 1613 774 1679 odiosum
812 1614 862 1680 Ut
876 1613 1169 1697 enim'adulescen-
1178 1628 1215 1682 26

166 1717 258 1783 tibus
268 1717 359 1781 bona
368 1715 482 1780 indole
492 1715 654 1802 praeditis
668 1716 836 1802 sapientes
851 1736 945 1782 senes
959 1718 1221 1814 Q*

167 1818 340 1905 leviorque
353 1817 396 1882 fit
410 1822 561 1883 senectus
575 1830 701 1899 eorum,
713 1818 771 1904 qui
785 1837 806 1882 a
820 1818 996 1884 iuventute
1013 1820 1171 1887 coluntur

128 1939 159 1986 rs
169 1926 204 1987 et
221 1914 419 2007 diliguntur,
435 1919 483 1985 sic
499 1918 728 1985 adulescentes
749 1939 867 1984 senum
885 1922 1073 2008 praeceptis
1090 1943 1171 2010 gau-

168 2023 260 2106 dent,
272 2022 393 2111 quibus
407 2022 452 2088 ad
465 2022 632 2088 virtutum
649 2022 761 2089 studia
775 2022 961 2106 ducuntur;
982 2045 1045 2091 nec
1059 2026 1170 2092 minus

167 2127 332 2215 intellege
344 2126 506 2193 me‘vobis
521 2147 624 2215 quam
636 2127 722 2192 mihi
735 2147 796 2194 vos
810 2147 881 2194 esse
894 2126 1066 2194 iucundos.
1104 2129 1171 2195 Sed

167 2229 299 2312 videtis,
319 2234 359 2295 ut
381 2234 536 2296 senectus
556 2250 626 2296 non
647 2230 750 2296 modo
773 2230 935 2318 languida
956 2235 1059 2318 atque
1080 2231 1171 2297 iners

167 2351 237 2397 non
261 2332 315 2415 sit,
337 2353 457 2399 verum
481 2333 585 2399 etiam
611 2332 656 2398 sit
680 2353 821 2419 operosa
849 2337 885 2398 et
909 2353 1043 2420 semper
1066 2353 1170 2422 agens

127 2433 296 2522 sesdquid
318 2439 353 2501 et
374 2434 526 2519 moliens,
546 2435 617 2502 tale
641 2435 778 2517 scilicet,
798 2435 897 2522 quale
922 2435 1081 2522 cuiusque
1104 2440 1171 2501 stu-

167 2536 262 2601 dium
282 2536 320 2601 in
340 2537 510 2625 superiore
530 2538 603 2604 vita
623 2537 700 2603 fuit.
745 2537 935 2642 Quidbqui
955 2538 1060 2604 etiam
1080 2537 1171 2603 addi-

167 2643 266 2705 scunt
293 2638 449 2751 aliquidt
472 2645 512 2705 ut
537 2645 571 2705 et
601 2639 760 2706 Solonem
787 2639 937 2706 versibus
965 2638 1172 2726 gloriantem

167 2740 330 2823 videmus,
357 2741 416 2828 qui
444 2762 480 2808 se
512 2742 636 2808 cotidie
667 2741 797 2828 aliquid
827 2741 1057 2806 addiscentem
1088 2740 1171 2807 dicit

168 2862 284 2907 senem
307 2843 392 2926 fieri,
412 2848 448 2909 et
473 2863 538 2930 ego
562 2843 638 2926 ieci,
658 2843 717 2930 qui
741 2843 874 2908 litteras
900 2842 1045 2907 Graecas
1070 2863 1172 2909 senex

128 2961 160 3008 as
169 2943 289 3026 didici;
306 2964 389 3031 quas
400 2945 536 3032 quidem
550 2945 599 3011 sie
612 2945 710 3011 avide
725 2944 852 3031 arripui
866 2944 961 3031 quasi
975 2943 1172 3010 diuturnam

169 3046 262 3113 sitim
277 3046 411 3133 explere
425 3048 570 3134 cupiens,
583 3052 622 3113 ut
633 3068 673 3113 ea
687 3047 761 3134 ipsa
774 3046 858 3111 mihi
872 3050 956 3113 nota
970 3051 1089 3130 essent,
1101 3048 1171 3135 qui-

168 3150 231 3215 bus
244 3170 300 3216 me
313 3171 404 3216 nunc
421 3150 583 3238 exemplis
599 3150 651 3216 uti
666 3149 797 3216 videtis.
843 3149 942 3228 Quod
958 3170 1036 3215 eum
1052 3149 1171 3216 iecisse

169 3252 342 3319 Socratem
363 3253 400 3318 in
421 3253 545 3319 fidibus
566 3253 727 3335 audirem,
745 3252 869 3319 vellem
889 3251 1045 3340 equidem
1066 3253 1171 3319 etiam

167 3354 252 3421 illud
274 3355 461 3439 (discebant
482 3356 574 3423 enim
595 3356 719 3422 fidibus
740 3356 894 3445 antiqui),
910 3356 969 3422 sed
990 3355 1027 3420 in
1048 3355 1170 3422 litteris

127 3463 258 3525 socerte
275 3459 454 3525 elaboravi.
901 3464 904 3468 ’

209 3560 284 3627 Nec
307 3581 398 3627 nune
422 3561 560 3650 quidem
583 3560 672 3628 vires
699 3560 851 3628 desidero
880 3559 1103 3626 adulescentis
1128 3559 1170 3644 (is
1179 3530 1217 3676 {7

167 3662 260 3729 enim
280 3667 354 3730 erat
374 3663 467 3731 locus
488 3663 577 3731 alter
597 3664 640 3730 de
660 3663 754 3731 vitiis
775 3663 980 3749 senectutis),
995 3682 1065 3729 nen
1082 3663 1169 3748 plus,

1190 2331 1262 2349 ...ae-
