2684 4186
178 329 220 392 38
455 321 617 378 11111111
638 321 691 376 nn
713 320 899 377 amoma

177 475 214 541 in
236 495 314 542 eam
337 473 447 562 ipsam
470 474 680 540 mentionem
703 472 883 557 incidisset,
904 471 1060 560 exposuit
1084 471 1182 540 nobis

178 597 367 644 sermonem
381 577 474 643 Laeli
489 576 697 642 deamicitia
712 575 868 641 habitum
885 575 929 640 ab
942 576 1003 641 illo
1019 595 1133 641 secum
1146 580 1182 642 et

178 700 256 746 cum
265 680 373 745 altero
387 698 523 766 genero,
533 678 571 744 0.
581 678 712 744 Fannio
726 676 834 743 Marci
847 678 929 760 fili0,
938 678 1054 766 paucis
1065 678 1182 744 diebus

177 787 255 870 post
268 786 415 848 mortem
432 781 598 847 Africani.
643 779 725 845 Eius
742 780 980 867 disputationis
997 781 1182 847 sententias

176 884 358 950 memoriae
378 883 547 967 mandavi,
563 902 646 969 quas
662 881 728 947 hoo
744 882 832 947 libro
853 882 993 970 exposui
1014 883 1182 948 arbitratu
1209 907 1224 953 o

176 1009 270 1070 meo;
288 986 383 1074 quasi
398 986 488 1051 enim
498 985 588 1072 ipsos
602 983 721 1049 induxi
735 983 919 1071 loquentes,
930 1004 974 1050 ne
989 984 1180 1072 “inquam''

177 1094 212 1156 et
228 1089 390 1177 “inquit”
407 1087 538 1176 saepius
552 1087 832 1174 interponeretur,
841 1090 943 1174 atque
953 1090 993 1152 ut
1006 1090 1182 1175 tamquam

177 1211 198 1257 1
211 1190 443 1278 praesentibus
457 1209 572 1256 coram
584 1188 702 1255 haberi
716 1189 895 1256 videretur.

149 1294 168 1346 4
220 1293 309 1359 (lum
337 1292 429 1358 enim
457 1312 556 1378 saepe
584 1311 718 1356 meeum
745 1311 872 1378 ageres,
895 1295 936 1357 ut
960 1291 1003 1358 de
1031 1290 1183 1358 amicitia

177 1395 357 1462 scriberem
371 1394 507 1481 aliquid,
519 1393 625 1481 digna
637 1392 722 1458 mihi
739 1413 792 1460 res
806 1414 884 1460 cum
900 1394 1052 1460 omnium
1069 1395 1183 1483 oogni-
1193 1414 1225 1462 10

177 1497 280 1580 tione,
295 1501 371 1562 tum
387 1499 504 1561 nostra
524 1494 757 1561 familiaritate
773 1495 847 1562 visa
867 1501 928 1563 est.
973 1495 1093 1584 Itaque
1114 1496 1182 1563 ieci

178 1618 248 1665 non
261 1598 398 1681 invitus,
409 1602 449 1663 ut
462 1597 657 1685 prodessem
672 1597 790 1664 multis
806 1603 929 1686 rogatu
942 1603 1013 1666 tue.
1058 1599 1125 1665 Sed
1141 1607 1183 1666 ut

178 1702 215 1767 in
229 1701 359 1768 (latone
376 1699 516 1785 Maiore,
528 1699 586 1788 qui
603 1704 655 1767 est
672 1701 816 1789 scriptus
832 1701 877 1767 ad
890 1705 926 1767 11
940 1701 982 1768 de
999 1706 1181 1788 senectute,

179 1805 345 1872 Catonem
363 1803 481 1870 induxi
501 1824 616 1870 senem
632 1804 871 1893 disputantem,
887 1805 966 1893 quia
982 1806 1077 1872 nulla
1093 1805 1184 1873 vide

178 1909 280 1975 batur
300 1907 413 1996 aptior
433 1928 585 1995 persona,
601 1928 687 1995 quac
704 1908 747 1974 de
765 1908 825 1974 illa
845 1912 957 1974 aetate
977 1908 1182 1997 loqueretur,
1194 1931 1227 1979 11

178 2032 281 2100 quam
302 2011 382 2095 eius,
397 2010 456 2098 qui
472 2015 508 2077 et
524 2010 711 2076 diutissime
732 2030 834 2077 senex
854 2010 975 2077 fuisset
995 2017 1031 2077 et
1051 2012 1088 2077 in
1108 2012 1185 2100 ipsa

178 2118 351 2181 senectute
363 2121 498 2201 praeter
512 2116 640 2179 ceteros
657 2112 833 2196 floruisset,
846 2113 902 2196 111,
915 2133 992 2179 cum
1006 2114 1185 2202 accepisse-

178 2236 254 2281 mus
271 2236 292 2282 1
307 2215 461 2303 patribus
481 2214 630 2279 maxime
650 2213 904 2280 memorabilem
923 2215 961 2281 Ο.
977 2215 1070 2281 Laeli
1087 2222 1124 2283 et
1140 2217 1183 2285 P.

180 2316 345 2405 Scipionis
360 2316 629 2383 familiaritatem
645 2315 758 2399 fuisse,
770 2314 891 2383 idonea
904 2316 990 2382 mihi
1004 2317 1098 2384 Laeli
1111 2339 1186 2407 pcr-

179 2440 263 2486 sona
276 2418 349 2486 visa
362 2422 423 2501 est,
435 2438 521 2507 quae
535 2417 578 2484 de
591 2417 741 2484 amicitia
755 2439 795 2485 ea
808 2417 882 2505 ipsa
898 2418 1084 2504 dissereret,
1096 2441 1185 2509 quae
1193 2440 1231 2491 20

180 2522 352 2609 disputata
369 2520 413 2586 ab
431 2541 471 2586 eo
487 2519 695 2586 meminisset
716 2521 885 2587 Scaevola
932 2521 1046 2590 Genus
1067 2528 1185 2592 autem

179 2624 245 2690 hoc
258 2643 452 2690 sermonum
467 2622 617 2712 positum
630 2622 667 2688 in
680 2622 857 2690 hominum
870 2628 1025 2692 veterum
1041 2627 1185 2693 auctori·

179 2731 261 2812 tate,
280 2735 316 2794 et
337 2746 455 2794 eorum
475 2726 678 2810 inlustrium,
694 2727 771 2815 plus
792 2727 904 2794 nescio
925 2749 993 2816 quo
1013 2733 1115 2817 pacto
1135 2730 1185 2797 ri-

179 2832 280 2898 detur
301 2830 426 2897 habere
447 2828 647 2918 gravitatis3
672 2830 787 2918 itaque
807 2830 879 2917 ipse
900 2851 976 2898 mea
997 2831 1113 2919 legens
1135 2833 1185 2899 111

179 2934 320 3000 adficior
340 2933 521 3016 interdum,
538 2937 577 2997 ut
599 2932 774 3017 Catonem,
792 2953 862 3000 non
883 2953 938 3000 me
958 2933 1050 3021 loqui
1072 2934 1186 3001 existi·
1195 2957 1229 3006 11

152 3053 279 3104 omem
325 3034 392 3102 Sed
408 3039 448 3100 ut
464 3039 541 3101 tum
561 3034 606 3100 ad
627 3054 741 3101 senem
761 3055 864 3102 senex
880 3035 923 3101 de
939 3041 1120 3121 senectute,
1136 3037 1187 3105 sic

179 3139 246 3204 hoc
262 3138 349 3204 libro
366 3137 411 3204 ad
427 3137 574 3203 amicum
590 3137 809 3203 amicissimus
830 3137 948 3223 scripsi
965 3138 1007 3204 de
1024 3139 1184 3208 amicitia

181 3239 270 3305 Tum
284 3243 336 3305 est
350 3238 438 3305 (lato
451 3237 593 3319 locutus,
605 3257 672 3324 quo
686 3243 760 3303 erat
774 3258 874 3302 nemo
891 3238 963 3304 fere
977 3241 1088 3305 senior
1102 3245 1188 3308 tem·

179 3340 318 3429 poribus
328 3339 405 3422 illis,
414 3358 515 3405 nemo
529 3337 744 3425 prudentior3
762 3358 852 3404 nuno
863 3338 995 3406 Laelius
1006 3345 1040 3406 et
1052 3342 1188 3429 sapiens

181 3441 243 3528 (sic
257 3441 348 3508 enim
364 3445 415 3507 111
432 3439 581 3526 habitus)
599 3443 634 3505 ct
651 3439 820 3506 amicitiae
837 3440 946 3528 gloria
963 3444 1127 3511 excellens
1142 3447 1230 3521 deco

181 3544 331 3610 amicitia
343 3543 508 3630 loquetur.
553 3541 606 3608 Tu
619 3541 723 3609 velim
736 3563 759 3610 1
770 3564 826 3611 me
840 3543 991 3611 animum
1004 3567 1187 3636 parumper

182 3651 324 3730 avertas,
342 3645 495 3714 Laelium
517 3644 610 3735 loqui
635 3645 746 3740 ipsum
766 3651 875 3736 putes.
922 3647 959 3716 Ο.
979 3648 1128 3717 Fannius
1148 3657 1186 3719 et
