2684 4186
183 303 224 370 ῃ
457 296 619 352 narnus
641 295 695 351 nn
715 295 901 352 anrcrrm.

181 451 329 518 iudicare
351 449 447 533 solet,
468 449 550 538 quid
575 447 823 515 intersitinter
847 448 1055 537 popularem,
1074 450 1112 517 id
1133 457 1187 521 est

181 555 432 621 adsentatorem
457 556 492 618 et
514 551 625 618 levem
650 550 768 634 civem,
789 556 825 617 et
846 551 937 618 inter
961 557 1185 642 constantem,

134 673 171 727 96
181 679 336 725 severum
358 661 393 723 et
417 676 566 744 greum.
615 653 745 732 Quibus
768 654 943 722 blanditiis
969 655 1007 722 0.
1028 656 1187 746 Papirius

181 782 290 848 nuper
309 760 474 826 influebat
491 758 528 822 in
545 756 635 822 auris
657 756 833 841 contionis,
849 777 927 823 cum
947 757 1052 826 ferret
1073 759 1187 850 legem

181 864 224 930 de
240 862 385 929 tribunis
401 861 510 950 plebis
527 858 734 926 reficiendis!
778 859 1007 927 Dissuasimus
1023 881 1085 930 nos
1094 885 1104 947 ;
1125 865 1187 931 sed
1211 885 1228 932 s

181 966 267 1031 nihil
289 966 332 1031 de
353 985 418 1047 me,
439 963 481 1029 de
507 961 663 1049 Scipione
689 961 800 1027 dicam
824 960 1003 1030 lubentius.
1048 964 1188 1045 Quanta

181 1068 250 1152 illa,
267 1068 304 1133 di
324 1065 530 1147 inmortales
551 1064 618 1130 fuit
643 1063 804 1152 gravitas,
823 1069 951 1151 quanta
972 1065 1010 1132 in
1031 1068 1187 1136 oratione

181 1171 357 1237 maiestasl
379 1174 419 1234 ut
436 1167 537 1233 facile
553 1167 673 1233 ducem
690 1165 808 1254 populi
827 1166 984 1250 Romani,
999 1189 1069 1236 non
1086 1171 1187 1237 comi-

181 1278 252 1340 tem
269 1274 402 1339 diceres.
448 1270 515 1336 Sed
532 1270 698 1353 adfuistis,
714 1275 749 1335 et
767 1274 818 1336 est
835 1269 872 1335 in
888 1271 1044 1338 manibus
1063 1275 1184 1343 oratio.

181 1376 302 1463 Itaque
323 1375 379 1440 lex
399 1372 570 1463 popularis
592 1371 763 1460 suffragiis
784 1372 902 1460 populi
924 1373 1101 1461 repudiata
1122 1380 1229 1444 estro

181 1479 306 1564 Atque,
328 1481 368 1541 ut
393 1475 438 1540 ad
463 1495 518 1540 me
546 1474 691 1557 redeam,
714 1474 925 1558 meministis,
949 1475 991 1556 Q.
1011 1475 1185 1561 Maxmno,

180 1582 287 1646 fratre
303 1578 476 1666 Scipionis,
488 1581 524 1643 et
538 1577 575 1642 L.
587 1576 747 1646 Mancino
762 1577 952 1644 consulibus
966 1598 1069 1667 quam
1082 1600 1187 1669 popu7

180 1683 261 1749 laris
286 1683 343 1749 lex
365 1682 408 1747 de
434 1680 629 1747 sacerdotiis
655 1680 692 1746 O.
714 1679 822 1745 Licini
848 1680 961 1747 Crassi
985 1677 1186 1750 videbaturl

181 1786 354 1874 cooptatio
385 1785 477 1850 enim
508 1783 728 1870 collegiorum
760 1783 805 1848 ad
835 1783 953 1871 populi
983 1783 1188 1853 beneficium

181 1889 470 1972 transferebatur3
498 1893 600 1975 atque
626 1886 655 1952 is
680 1885 809 1975 primus
835 1885 932 1952 instit
959 1886 984 1953 't
1009 1887 1047 1953 in
1071 1888 1229 1956 fornmls

181 2013 297 2059 versus
318 2013 419 2080 agere
440 2011 518 2056 cum
538 1989 673 2078 populo
719 1989 847 2055 Tamen
868 1988 959 2056 illius
980 1990 1187 2060 vendibilem

181 2095 370 2160 orationem
392 2094 512 2182 religio
535 2095 675 2159 deorum
698 2091 932 2158 inmortalium
954 2093 1051 2159 nobis
1073 2093 1188 2162 defen·

181 2196 339 2262 dentibus
352 2196 453 2261 facile
464 2197 629 2262 vincebat.
667 2195 783 2283 Atque
793 2195 830 2260 id
840 2200 954 2262 aetum
968 2200 1019 2262 est
1028 2199 1187 2284 praetore

181 2319 236 2364 me
250 2298 479 2386 quinquennio
493 2303 583 2381 ante,
595 2318 698 2384 quam
711 2297 828 2365 consul
842 2319 918 2365 sum
934 2297 1064 2383 factus;
1084 2297 1136 2366 ita
1147 2319 1188 2367 re

182 2400 292 2488 magis
306 2420 409 2488 quam
422 2420 553 2467 summa
567 2399 769 2467 auctoritate
784 2421 884 2467 causa
896 2400 957 2466 illa
971 2399 1110 2468 defensa
1122 2406 1186 2468 ast.
1194 2419 1232 2468 aa

127 2478 171 2546 ²⁶
225 2502 412 2583 Quonim
433 2503 683 2586 scaenarum
705 2502 741 2567 in
763 2503 1067 2591 contionemque
1086 2502 1186 2571 aba

134 2566 272 2671 ⁹⁷fictis
289 2610 324 2671 et
341 2605 550 2671 adumbratis
570 2604 636 2672 loci
658 2604 842 2692 plurimum
859 2610 920 2689 est,
935 2610 1051 2672 tamen
1067 2625 1187 2673 verum

182 2708 283 2791 valet,
299 2707 327 2773 si
344 2707 446 2773 modo
463 2707 500 2772 id
516 2707 726 2796 patefactum
743 2712 778 2774 et
795 2707 1014 2774 inlustratum
1031 2712 1092 2791 est,
1103 2707 1186 2796 quid

182 2810 219 2875 in
236 2809 386 2876 amicitia
402 2809 477 2876 fieri
495 2813 639 2897 oportet,
655 2830 741 2897 quae
757 2814 834 2875 tota
850 2809 996 2920 veripate
1011 2808 1186 2898 perpendi·

182 2915 262 2979 turi
291 2914 328 2979 in
350 2934 417 3000 qua
439 2913 514 2996 nisi,
534 2918 573 2978 ut
597 2912 729 2995 dicitur,
750 2916 906 2999 apertum
931 2917 1049 2999 pectus
1070 2911 1229 2981 videasss

182 3021 345 3104 tuumque
366 3016 535 3099 ostendas
550 3015 637 3080 nihil
657 3015 774 3097 fidum,
790 3013 876 3079 nihil
895 3015 1110 3101 exploratum
1128 3013 1189 3081 ha·

182 3119 270 3203 beas,
286 3140 329 3184 ne
346 3139 460 3184 amare
474 3117 611 3205 quidem
627 3122 687 3184 aut
704 3117 820 3200 amari,
836 3137 922 3200 cum,
938 3117 974 3182 id
987 3136 1091 3205 quam
1107 3136 1189 3185 vere

181 3222 254 3303 fiat,
281 3221 424 3308 ignores.
474 3219 687 3308 Quamquam
715 3220 781 3286 ista
809 3219 1009 3303 adsentati0,
1032 3218 1189 3308 quamvis

182 3323 369 3409 perniciosa
383 3323 437 3405 sit,
452 3343 572 3388 nocere
589 3327 705 3389 tamen
721 3322 848 3389 nemini
865 3325 978 3410 potest
995 3321 1061 3388 nisi
1075 3320 1116 3406 ei,
1126 3318 1190 3410 qui

182 3445 258 3490 eam
273 3424 393 3512 recipit
411 3429 513 3511 atque
530 3445 570 3491 ea
587 3424 783 3491 delectatur.
829 3423 885 3490 Ita
902 3424 953 3507 fit,
968 3427 1008 3489 ut
1025 3423 1054 3489 is
1071 3422 1233 3492 adseri-sc

182 3526 349 3592 tatoribus
370 3526 555 3612 patefaciat
577 3547 674 3593 aures
693 3547 770 3593 suas
788 3526 943 3610 maxime,
959 3524 1017 3613 qui
1033 3523 1105 3613 ipse
1122 3522 1191 3591 sibi

135 3629 378 3701 aaadscntetur
399 3632 488 3696 etse
509 3630 656 3698 maxime
677 3630 749 3719 ipse
770 3629 923 3697 delectet.
969 3625 1119 3695 Omnino
1135 3628 1190 3701 cst
1268 3634 1274 3649 “
