2714 4216
511 319 671 384 car.c,r.
707 323 823 393 §aaa
1150 327 1172 394 9

168 476 322 541 mortuus
336 476 397 557 est,
405 492 529 540 novem
543 472 639 538 annis
649 477 727 560 post
737 494 852 538 meum
866 473 1086 555 consulatum,
1095 497 1172 544 cum

169 576 286 643 consul
299 577 424 642 iterum
437 597 492 642 me
506 575 643 642 consule
660 579 792 641 creatus
806 580 901 641 esset.
946 575 1041 643 Num
1055 578 1171 666 igitur,

170 680 198 745 si
213 679 257 744 ad
272 679 491 744 centesimum
505 698 633 744 annum
647 677 795 760 vixisset,
805 679 986 744 senectutis
1001 700 1080 744 eum
1094 702 1174 746 suae

169 782 378 869 paeniteretl
397 801 460 847 nec
474 780 566 846 enim
580 779 775 846 excursione
789 801 855 846 neo
860 780 956 846 saltu
970 801 1032 847 neo
1043 783 1174 848 eminus

146 884 276 950 chastis
305 888 365 949 aut
390 884 577 950 comminus
604 882 728 972 gladiis
755 887 917 966 uteretur,
940 884 999 949 sed
1024 885 1173 968 consili0‚

169 987 310 1070 ratione,
329 986 506 1053 sententia.
551 985 646 1064 Quae
667 985 732 1050 nisi
753 990 864 1051 essent
885 986 922 1050 in
943 987 1086 1070 senibus,
1105 1007 1176 1052 non

171 1110 341 1155 summum
357 1087 535 1155 consilium
553 1087 697 1153 maiores
715 1088 823 1154 nostri
841 1087 1067 1179 appellassent
1084 1109 1176 1154 sena

170 1197 254 1258 tum.
295 1191 400 1279 Apud
421 1190 702 1256 Lacedaemonios
722 1188 860 1280 quidem
880 1191 915 1274 ii,
934 1191 993 1279 qui
1014 1191 1223 1279 amplissi-ao

170 1315 265 1359 mum
286 1294 526 1381 magistratum
547 1296 681 1379 gerunt,
699 1297 738 1358 ut
761 1297 850 1375 sunt,
868 1293 916 1359 sic
941 1295 1046 1360 etiam
1070 1294 1176 1360 nomi-

132 1402 296 1463 tonantur
306 1417 410 1463 senes.
441 1395 570 1474 Quodsi
578 1395 691 1482 legere
699 1403 759 1461 aut
768 1394 1013 1462 audireroletis
1024 1401 1173 1481 externa,

170 1499 335 1565 maximas
356 1519 409 1565 res
426 1496 578 1586 publicas
596 1494 640 1563 ab
657 1497 926 1565 adulescentibus
943 1499 1174 1584 labefactatas,

171 1623 193 1669 a
207 1602 341 1668 senibus
355 1604 559 1668 sustentatas
573 1604 609 1666 et
622 1600 797 1666 restitutas
811 1590 1024 1722 reperietis'l

217 1735 299 1798 Cedo,
315 1732 365 1802 qui
378 1740 496 1786 vestram
508 1748 567 1786 rem
580 1731 720 1798 publicam
733 1739 838 1786 tantam
851 1732 978 1786 dmisistis
991 1734 1048 1788 tim
1060 1736 1132 1790 cito?

175 1855 231 1921 Sic
244 1854 337 1920 enim
350 1856 593 1941 percontantur
603 1852 623 1933 †
635 1855 675 1917 ut
689 1857 741 1918 est
755 1853 792 1917 in
802 1851 913 1919 Naevi
927 1858 1047 1941 poetae
1061 1855 1176 1939 ludo;

66 1947 72 1960 '
135 1976 164 2022 15
174 1957 420 2046 respondentur
433 1960 468 2022 et
483 1955 551 2020 alia
564 1959 600 2020 et
614 1954 679 2020 hoc
692 1954 730 2020 in
742 1954 879 2042 primis:

304 2083 505 2139 Proveniebsnt
518 2083 637 2138 oritores
649 2082 724 2148 novi,
738 2084 816 2137 stulti
829 2083 1032 2140 adulescentuli.

173 2205 359 2273 Temeritas
376 2209 427 2271 est
444 2203 602 2271 videlicet
618 2203 771 2270 florentis
788 2204 919 2288 aetatis,
935 2205 1115 2292 prudentia
1127 2188 1177 2274 ‘se

173 2309 348 2375 noscentis.

216 2411 267 2477 At
288 2408 451 2475 memoria
471 2407 646 2475 minuitur.
691 2408 812 2492 Credo,
827 2409 893 2475 nisi
914 2430 990 2475 eam
1011 2431 1175 2495 exerceas,

134 2518 233 2584 noant
244 2512 348 2579 etiam
362 2514 391 2577 si
404 2511 449 2577 sis
463 2515 586 2592 natura
595 2509 734 2577 tardior.
768 2511 1010 2578 Themistocles
1024 2513 1177 2579 omnium

174 2614 298 2682 civium
315 2617 511 2701 perceperat
528 2612 686 2695 nomina3
707 2632 791 2677 num
807 2612 914 2699 igitur
930 2614 1072 2680 censetis
1089 2636 1176 2699 eum,

174 2737 253 2782 cum
274 2719 386 2781 aetate
406 2715 629 2801 processisset,
648 2714 707 2802 qui
728 2713 897 2780 Aristides
918 2719 1014 2798 esset,
1030 2716 1179 2802 Lysima

175 2817 278 2883 chum
291 2817 437 2882 salutare
452 2815 610 2881 solitum?
642 2815 810 2902 Equidem
819 2836 889 2881 non
899 2817 1001 2882 modo
1016 2837 1073 2882 eos
1088 2819 1177 2902 novi,

1188 2369 1208 2438 7

1186 2460 1223 2512 21

174 2919 235 3007 qui
249 2921 337 3000 sunt,
346 2917 406 2984 sed
419 2937 536 2982 eorum
549 2921 664 3006 patres
681 2916 784 2982 etiam
799 2922 834 2982 et
848 2937 938 3001 avos,
948 2938 1010 2984 nec
1027 2920 1179 3006 sepulcra

135 3046 166 3093 ac
175 3022 291 3109 legens
308 3029 441 3103 vereor,'
447 3020 538 3107 quod
555 3019 660 3102 aiunt,
673 3039 716 3084 ne
732 3019 932 3085 memoriam
945 3021 1104 3108 perdam;
1124 3024 1178 3091 his

175 3123 266 3190 enim
288 3122 369 3210 ipsis
385 3121 536 3211 legendis
557 3122 604 3187 in''
614 3120 813 3187 memoriam
833 3122 935 3189 redeo
957 3129 1177 3192 mortuorum.

174 3225 211 3293 N
211 3247 250 3292 ec
265 3247 347 3292 vero
364 3245 568 3314 quemquam
585 3244 700 3291 senem
716 3224 830 3290 audivi
848 3225 1003 3311 oblitum,
1019 3248 1086 3316 quo
1103 3228 1179 3295 loco

174 3328 371 3395 thesaurum
395 3328 579 3411 obruissem
608 3327 731 3410 omnia,
755 3348 841 3415 quae
870 3333 999 3413 curant,
1022 3332 1180 3398 momine

175 3435 265 3514 runt,
277 3430 472 3508 vadimonia
488 3430 682 3513 constituta,
695 3430 770 3517 quis
787 3430 860 3513 sibi,
873 3432 926 3496 cui
941 3432 1006 3518 ipsi
1024 3433 1178 3500 debeant.

136 3533 288 3612 aoQuidl
309 3533 391 3598 iuris
408 3532 562 3615 consulti,
574 3531 677 3619 quidl
698 3532 886 3619 pontifices,
901 3534 1004 3620 quidl
1026 3555 1227 3624 augmesna

177 3635 279 3724 quidl
309 3633 504 3722 philosophi
534 3653 630 3702 senes
661 3653 765 3730 quam
795 3634 905 3710 multu
935 3637 1180 3713 memineruntl

262 3736 304 3800 lil-
