2714 4216
359 363 363 371 ,
425 304 506 360 cnr.
523 303 563 371 u,
580 303 620 360 u.
655 304 719 372 sss
732 304 841 373 (saco.
1096 307 1137 371 25

54 448 109 580 xi
133 449 271 540 aquisve
298 451 493 542 refrigerari
520 454 709 522 salubriusi
756 455 828 521 Sibi
856 454 1003 522 habeant
1031 454 1186 544 igitur58

74 549 76 557 ’
133 573 238 638 arma,
249 554 314 620 sibi
327 576 440 645 equos,
452 557 517 623 sibi
532 557 656 640 hastas,
672 557 737 623 sibi
754 557 885 624 clavam
898 562 934 624 et
948 559 1062 647 pilam,
1074 558 1139 624 sibi
1256 620 1259 626 .

133 656 325 723 natationes
346 663 449 746 atquc
470 679 594 742 cursus,
614 659 712 725 nobis
733 659 868 725 senibus
889 680 933 726 ex
953 660 1138 727 lusionibus

133 757 250 824 multis
272 758 360 826 talos
384 760 577 848 relinquant
600 764 635 827 et
656 765 809 845 tesseres,
828 761 866 826 id
887 762 999 849 ipsum
1022 767 1139 827 utrum

109 860 273 945 slubebit,
291 862 452 949 quoniam
473 862 545 928 sine
564 862 605 928 iis
626 863 727 930 beata
749 883 820 929 esse
840 869 994 930 senectus
1014 868 1136 953 potest.

133 961 262 1030 Multas
279 963 390 1030 adres
407 965 567 1050 perutiles
582 964 821 1053 Xenophontis
837 965 917 1031 libri
933 971 1031 1050 sunt3
1053 943 1191 1085 quos&

132 1065 245 1155 legite,
261 1087 396 1155 quaeso,
412 1067 568 1152 studiose,
584 1072 624 1134 ut
645 1067 767 1134 facitis.
813 1068 924 1146 Quam
943 1069 1078 1158 copiose
1093 1070 1137 1136 ab

132 1188 173 1234 eo
187 1168 262 1257 agri
276 1169 410 1234 cultura
424 1169 582 1235 laudatur
598 1170 635 1234 in
649 1190 690 1236 eo
703 1170 801 1254 libro,
814 1171 873 1258 qui
888 1175 939 1236 est
954 1171 996 1237 de
1011 1171 1137 1238 tuenda

131 1291 169 1337 re
185 1270 354 1356 familiari,
371 1271 429 1358 qui
448 1271 691 1338 Oeconomicus
708 1272 920 1339 inscribiturl
964 1274 1081 1362 Atque
1096 1278 1137 1340 ut

92 1373 337 1463 inintellegatis
359 1375 446 1440 nihil
463 1375 494 1441 ei
511 1380 585 1441 tam
605 1375 720 1463 regale
736 1376 965 1464 videri'quam
986 1377 1137 1442 studium

130 1477 206 1564 agri
223 1478 364 1562 colendi,
382 1478 535 1544 Socrates
552 1478 590 1542 in
606 1498 647 1544 eo
663 1478 752 1544 libro
768 1478 921 1566 loquitur
937 1499 1014 1544 cum
1029 1479 1137 1545 Crito

130 1578 211 1644 bulo
231 1578 361 1666 Cyrum
377 1580 553 1663 minorem,
569 1579 751 1646 Persarum
767 1600 892 1667 regem,
907 1584 1136 1667 praestantem

130 1680 268 1767 ingenio
286 1687 389 1768 atque
405 1680 538 1768 imperii
555 1679 768 1767 gluriacum
785 1681 959 1768 Lysander
975 1683 1136 1750 Lacedae·

130 1782 274 1865 monius,
289 1781 343 1847 vir
364 1802 513 1847 summae
531 1782 678 1865 virtutis,
693 1783 840 1849 venisset
860 1784 904 1849 ad
926 1804 1003 1849 eum
1023 1785 1136 1852 Sardis

91 1901 122 1949 11
131 1885 228 1972 eique
239 1885 329 1951 dona
338 1904 359 1950 a
369 1884 466 1950 sociis
480 1883 666 1968 adtulisset,
676 1889 711 1950 et
722 1885 840 1952 ceteris
851 1884 888 1950 in
897 1886 996 1951 rebus
1007 1906 1139 1953 comem

131 2008 213 2074 erga
223 1987 436 2074 Lysandrum
449 1991 553 2074 atque
566 1986 751 2053 humanum
765 1987 870 2054 fuisse
880 1991 915 2055 61
925 1988 956 2054 61
968 1989 1136 2076 quendam

130 2094 350 2178 consaeptum
381 2110 502 2177 agrum
531 2089 713 2177 diligenter
744 2092 912 2157 consitum
940 2090 1133 2157 ostendisse.

130 2193 218 2259 Cum
235 2198 350 2259 autem
367 2193 592 2258 admiraretur
606 2192 780 2279 Lysander
797 2199 832 2261 et
849 2194 1068 2282 proceritates
1085 2215 1135 2260 ar-

129 2295 251 2361 borum
268 2299 303 2363 et
321 2296 472 2362 derectos
489 2296 527 2360 in
543 2295 765 2384 quincuncem
786 2297 920 2363 ordines
940 2302 974 2363 61
992 2297 1135 2363 humum

89 2417 121 2464 ao
130 2400 304 2465 subactam
318 2403 421 2487 atque
438 2419 558 2486 puram
574 2402 609 2465 61
624 2399 827 2466 suavitatem
841 2400 993 2483 odorum,
1005 2401 1064 2489 qui
1078 2399 1134 2466 ad-

128 2502 292 2569 flarentur
311 2523 354 2569 cx
374 2502 523 2584 floribus,
538 2506 613 2566 tum
635 2523 713 2567 eum
734 2503 857 2568 dixisse
877 2503 995 2569 mirari
1011 2524 1048 2569 se
1063 2524 1134 2579 nen

128 2604 231 2671 modo
253 2604 477 2692 diligentiam,
499 2602 687 2696 sedetiam
709 2603 895 2670 sollertiam
919 2605 1000 2687 eius,
1022 2624 1044 2671 a
1066 2625 1134 2692 quo

129 2711 240 2773 essent
254 2707 314 2772 illa
327 2707 479 2772 dimensa
493 2709 596 2791 atque
609 2704 789 2792 discripta3
809 2709 844 2771 ct
858 2705 987 2791 Cyrum
1001 2726 1134 2792 respon-

130 2808 239 2874 disse:
266 2808 407 2895 “Atqui
432 2827 496 2893 ego
521 2806 587 2871 ista
611 2827 686 2872 sum
711 2806 826 2872 omnia
850 2806 1041 2890 dimensus3
1066 2808 1133 2873 mei

89 2928 120 2975 11
130 2915 210 2976 sunt
235 2909 378 2991 ordines,
399 2927 476 2973 mea
501 2906 684 2993 discriptio,
706 2906 835 2972 multae
859 2908 965 2973 etiam
992 2909 1135 2974 istarum

130 3013 291 3079 arborum
311 3031 388 3077 mea
412 3029 516 3074 manu
541 3013 620 3074 sunt
643 3009 766 3074 satae.’'
811 3009 899 3075 Tum
921 3009 1134 3097 Lysandrum

128 3117 320 3183 intuentem
341 3133 526 3202 purpuram
548 3111 624 3178 eius
642 3117 677 3178 et
699 3113 851 3179 nitorem
868 3114 1017 3201 corporis
1038 3135 1134 3182 orna

128 3223 270 3308 tumque
301 3216 479 3284 Persicum
512 3215 623 3281 multo
657 3235 740 3281 auro
773 3215 955 3304 multisque
988 3218 1133 3305 gemmis

128 3322 270 3388 dixisse:
289 3324 313 3382 ,“
322 3321 404 3398 Rite
417 3340 498 3387 vero
512 3323 557 3401 te,
570 3317 668 3404 Cyre,
683 3318 822 3384 beatum
836 3318 960 3402 ierunt,
972 3320 1133 3407 quoniam

89 3423 248 3490 6011111111
263 3428 342 3489 tuae
356 3422 495 3489 fortuna
508 3420 688 3486 coniuncta
698 3421 779 3486 est.''
817 3420 894 3486 Hac
908 3421 1014 3509 igitur
1028 3421 1133 3488 fortu-
1142 3436 1181 3488 60

129 3545 175 3590 na
191 3525 259 3589 frui
276 3512 355 3591 licet
373 3524 516 3605 senibus„
532 3533 594 3588 nec
612 3529 704 3588 aetas
722 3522 875 3609 impedit,
887 3543 955 3610 quo
971 3523 1083 3589 minus
1098 3528 1133 3589 et

129 3629 317 3693 ceterarum
344 3646 458 3692 rerum
486 3624 583 3691 etin
610 3624 728 3711 primis
757 3624 832 3712 agri
861 3623 993 3691 colendi
1021 3625 1134 3691 studia

246 3729 266 3790 2
