2684 4186
178 310 222 372 416
455 299 618 355 LAELIUS
639 299 693 354 Du
713 299 899 355 AMICITIA.

179 454 330 522 amicitia
353 474 408 520 res
432 452 596 541 plurimas
620 451 772 519 continet
784 474 794 537 ;
818 472 954 541 quoquo
976 455 1012 518 te
1032 452 1185 539 verteris,

178 562 314 647 praesto
329 560 389 640 est,
402 556 496 621 nullo
514 555 589 621 loco
606 554 806 638 excluditur,
821 574 1008 642 numquam
1024 553 1187 644 intempe

179 660 277 742 stiva,
297 677 483 745 numquam
504 656 648 723 molesta
670 660 744 740 est3
769 656 884 745 itaque
906 677 976 722 non
998 676 1095 745 aqua,
1116 679 1187 725 non

179 763 261 850 igni,
281 766 321 827 ut
343 761 449 844 aiunt,
469 758 551 830 locis
574 757 726 845 pluribus
749 760 878 826 utimur
899 779 1003 849 quam
1024 761 1184 828 amicitia

179 864 301 953 Neque
318 884 383 952 ego
400 883 491 928 nunc
505 863 548 928 de
561 862 697 949 vulgari
714 866 774 927 aut
792 862 835 928 de
851 862 1023 946 mediocri,
1035 883 1122 950 quae
1137 868 1186 931 ta
1212 882 1228 929 1

179 987 258 1034 men
268 967 342 1054 ipsa
355 970 391 1032 et
401 964 548 1031 delectat
562 969 597 1030 et
611 964 758 1052 prodest,
769 965 829 1031 sed
839 965 882 1031 de
892 985 972 1032 vera
985 969 1021 1030 et
1034 965 1187 1052 perfecta

179 1070 308 1158 loquor,
317 1068 424 1157 qualis
435 1088 560 1150 eorum,
569 1067 627 1154 qui
637 1067 736 1155 pauci
747 1068 974 1151 nominantur,
984 1067 1061 1133 fuit.
1093 1066 1186 1134 Nam

180 1177 215 1239 et
226 1170 387 1238 secundas
396 1190 451 1236 res
465 1169 708 1257 splendidiores
722 1169 805 1235 iacit
819 1169 969 1236 amicitia
979 1173 1015 1236 et
1028 1168 1186 1237 adversas

179 1276 329 1362 partiens
343 1272 657 1359 communicansque
670 1271 821 1338 leviores.

132 1347 169 1492 ἐξ
223 1377 375 1464 Oumque
391 1374 553 1462 plurimas
568 1379 603 1439 et
617 1373 783 1440 maximas
800 1372 1057 1441 commoditates
1073 1372 1228 1440 amici-10

178 1479 229 1545 tia
254 1477 436 1561 contineat,
460 1480 537 1565 tum
561 1476 622 1541 illa
650 1475 812 1541 nimirum
841 1481 993 1564 praestat
1018 1477 1184 1563 omnibus,

179 1580 270 1669 quod
286 1580 412 1645 bonam
432 1600 528 1667 spem
547 1579 718 1666 praelucet
740 1579 777 1645 in
797 1586 971 1667 posterum
991 1600 1054 1645 neo
1070 1580 1186 1646 debili-

178 1683 246 1750 tari
261 1682 391 1748 animos
404 1687 465 1748 aut
479 1681 597 1749 cadere
611 1682 750 1769 patitur.
787 1682 918 1749 Verum
932 1681 1024 1748 enim
1038 1682 1186 1750 amicum

179 1785 238 1874 qui
252 1785 413 1870 intuetur,
423 1789 600 1873 tamquam
613 1785 786 1873 exemplar
803 1783 939 1872 aliquod
956 1785 1107 1850 intuetur
1120 1785 1183 1852 sui.

180 1888 346 1967 Quocirca
364 1892 399 1955 et
420 1889 575 1955 absentes
596 1888 720 1954 adsunt
741 1892 776 1954 et
798 1891 936 1975 egentes
957 1886 1131 1953 abundant
1147 1892 1226 1954 1111

178 1991 327 2058 inbecilli
350 1990 464 2058 valent
488 1995 532 2074 et,
552 1991 643 2078 quod
665 1990 834 2056 difficilius
859 1990 953 2055 dictu
976 1994 1036 2074 est,
1056 1991 1185 2057 mortui

178 2095 318 2176 vivunt3
339 2098 456 2160 tantus
471 2114 527 2159 eos
544 2093 661 2175 honos,
673 2093 845 2174 memoria,
858 2092 1060 2157 desiderium
1073 2113 1186 2181 prose

177 2197 294 2283 quitur
303 2196 498 2261 amicorum.
536 2194 589 2258 Ex
600 2214 668 2281 quo
678 2194 815 2258 illorum
825 2193 926 2258 beata
935 2214 1027 2258 mors
1037 2195 1184 2280 videtur,

176 2298 300 2364 horum
313 2296 386 2362 vita
399 2295 587 2362 laudabilis.
625 2295 753 2374 Quodsi
767 2295 929 2361 exemeris
943 2315 986 2360 ex
999 2315 1113 2362 rerum
1127 2318 1186 2364 na

176 2405 256 2466 tura
269 2397 517 2464 benivolentiae
535 2398 815 2483 coniunctionem,
827 2418 889 2463 nec
903 2398 1022 2464 domus
1036 2399 1107 2465 ulla
1120 2421 1185 2468 nec
1193 2417 1229 2466 ro

176 2500 257 2568 urbs
274 2504 364 2567 stare
380 2499 516 2590 poterit,
528 2520 571 2566 ne
585 2501 660 2589 agri
677 2500 815 2589 quidem
832 2500 942 2566 cultus
958 2503 1182 2588 permanebit.

176 2601 219 2670 Id
245 2602 410 2668 siminus
438 2602 658 2690 intellegitur,
683 2603 887 2692 quantavis
912 2603 1081 2670 1111011110
1107 2624 1185 2671 con·

175 2705 374 2793 cordiaeque
396 2705 450 2789 sit,
471 2726 513 2771 ex
536 2705 796 2772 dissensionibus
818 2709 921 2793 atque
943 2725 985 2771 ex
1007 2705 1183 2773 discordiis

174 2808 302 2899 percipi
320 2813 441 2896 potest.
487 2808 582 2887 Quae
599 2808 691 2874 enim
707 2808 827 2874 domus
847 2812 921 2873 tam
942 2806 1080 2891 stabilis,
1096 2829 1184 2896 quae

174 2917 249 2978 tam
277 2911 378 2976 firma
409 2909 529 2978 civitas
557 2915 618 2994 est,
644 2932 730 2999 queo
757 2930 828 2976 non
855 2909 942 2975 odiis
969 2913 1005 2976 et
1033 2909 1227 2978 discidiisss

174 3014 330 3079 funditus
347 3014 454 3101 possit
471 3013 600 3080 evertit
643 3013 697 3078 Ex
713 3034 791 3102 quo,
803 3016 968 3100 quantum
985 3012 1065 3077 boni
1083 3012 1183 3080 sitin

128 3116 488 3198 14111101111111111111
503 3119 625 3203 potest.
670 3116 938 3204 Agrigentinum
956 3113 1093 3202 quidem
1106 3115 1184 3182 doc·

174 3223 250 3284 tum
265 3217 434 3304 quendam
451 3216 563 3282 virum
580 3219 784 3283 carminibus
802 3217 941 3282 Graecis
957 3217 1183 3282 vaticinatum

175 3320 300 3401 ferunt,
316 3338 403 3404 quae
419 3318 456 3382 in
473 3338 587 3384 rerum
603 3323 726 3385 natura
742 3322 884 3406 totoque
903 3317 1031 3385 mundo
1052 3322 1182 3386 consta·

174 3426 261 3503 rent,
280 3440 432 3508 quaeque
453 3425 679 3505 moverentur,
700 3442 740 3487 ea
761 3420 960 3487 contrahere
983 3421 1227 3506 amicitiamao

175 3523 337 3611 dissipare
351 3522 561 3590 discordiam.
602 3524 719 3612 Atque
733 3523 798 3590 hoo
813 3523 949 3611 quidem
964 3544 1080 3589 omnes
1093 3543 1181 3591 mor·

174 3625 260 3696 tales
274 3630 310 3696 et
325 3626 531 3718 intellegimt
547 3632 583 3697 et
596 3649 634 3695 re
650 3627 807 3717 probant.
851 3626 982 3715 Itaque,
997 3627 1026 3694 si
1043 3626 1180 3715 quando
