2714 4216
501 309 583 367 car.
597 310 686 365 aare.
722 309 842 379 saera
894 378 898 387 ¹
1134 309 1174 379 ῃ

173 461 298 529 debent
315 481 444 550 capere,
460 482 529 529 non
546 461 694 550 capiunt,
710 481 786 528 eam
804 461 951 548 capiunt,
967 482 1035 551 qua
1052 460 1176 528 debent

172 585 313 649 vacare3
341 585 495 653 peccasse
523 565 614 631 enim
639 585 675 630 se
700 585 771 630 non
798 567 979 652 anguntur,
1005 564 1176 652 obiurgari

171 668 313 734 moleste
338 668 475 752 ferunt3
502 667 593 756 quod
617 672 738 734 contra
763 667 952 755 oportebat,
973 667 1098 733 delicto
1121 667 1177 733 dc

171 768 250 854 lere,
266 770 473 836 correctione
490 770 646 857 gaudere.

147 890 162 936 c
214 875 265 942 Ut
281 875 389 963 igitur
406 880 441 941 et
457 895 595 941 monere
612 880 647 941 et
664 874 804 941 moneri
815 873 991 962 proprium
1008 877 1059 940 est
1076 858 1229 940 verae²5

170 978 339 1044 amicitiae
353 983 388 1044 et
402 978 547 1044 alterum
560 977 665 1044 libere
679 977 802 1062 facere,
814 998 883 1043 non
894 997 1020 1065 aspere,
1032 977 1177 1042 alterum
1186 949 1222 1002 91

170 1080 338 1167 patienter
352 1080 511 1168 accipere,
522 1101 592 1146 non
605 1085 844 1168 repugnanter,
857 1080 904 1146 sic
918 1079 1112 1145 habendum
1126 1083 1176 1145 est

170 1181 300 1247 nullam
321 1183 358 1248 in
378 1183 536 1249 amicitiis
555 1186 688 1270 pestem
709 1203 779 1249 esse
800 1183 963 1248 maiorem
980 1202 1083 1270 quam
1099 1181 1177 1247 edu-

169 1283 341 1368 lationem,
361 1285 573 1369 blanditiam,
593 1285 883 1369 adsentationem3
909 1285 1064 1373 quamvis
1086 1283 1177 1349 enim

133 1386 286 1453 10multis
308 1387 502 1453 nominibus
528 1392 580 1454 est
602 1387 668 1453 hoc
690 1387 814 1454 uitium
839 1387 1029 1454 notandum
1051 1385 1177 1452 levium

170 1488 347 1555 hominum
364 1495 467 1578 atque
483 1489 658 1556 fallacium
675 1490 719 1556 ad
736 1491 949 1557 voluntatem
966 1489 1177 1577 loquentium

170 1591 294 1674 omnia,
309 1591 397 1656 nihil
418 1592 462 1657 ad
478 1592 669 1658 veritatem.
714 1593 802 1658 Cum
823 1598 938 1659 autem
959 1591 1111 1657 omnium
1129 1602 1223 1657 resa

171 1713 248 1758 rum
268 1693 440 1759 simulatio
462 1693 586 1759 vitiosa
607 1699 658 1759 est
684 1692 789 1778 (tollit
810 1693 902 1758 enim
924 1693 1085 1758 iudicium
1105 1693 1177 1759 veri

171 1794 273 1882 idque
298 1793 490 1881 adulterat),
513 1799 589 1859 tum
614 1795 783 1860 amicitiae
811 1800 981 1882 repugnat
1009 1795 1177 1878 maxime3

133 1913 162 1961 rc
171 1896 262 1963 delet
276 1896 369 1962 enim
378 1896 568 1981 veritatem,
580 1897 652 1963 sine
663 1916 730 1985 qua
743 1916 867 1962 nomen
882 1896 1051 1962 amicitiae
1065 1885 1177 1962 valere

172 2019 242 2065 non
255 2002 377 2086 potest.
417 1998 510 2064 Nam
524 2019 602 2064 cum
615 1998 784 2064 amicitiae
798 1998 849 2064 uis
864 1998 909 2063 sit
923 1998 960 2063 in
975 2019 1024 2080 eo,
1036 2002 1076 2063 ut
1090 2018 1177 2063 unus

172 2101 267 2189 quasi
281 2100 413 2167 animus
426 2102 490 2167 fiat
504 2122 546 2167 ex
559 2101 720 2190 pluribuS,
732 2101 790 2189 qui
804 2100 841 2165 id
854 2099 930 2166 fieri
943 2100 1079 2187 poterit,
1092 2100 1121 2165 si
1135 2120 1178 2165 ne

172 2203 209 2268 in
233 2224 302 2270 uno
326 2204 463 2292 quidem
491 2224 624 2293 quoque
652 2225 739 2269 unus
768 2203 899 2270 animus
928 2203 993 2268 erit
1021 2203 1178 2290 idemque

172 2325 312 2394 semper,
335 2307 394 2373 sed
416 2306 538 2391 variuS,
561 2306 819 2389 commutabilis,
840 2305 1042 2392 multiplexl
1087 2305 1178 2384 Quid
1187 2313 1224 2367 93

133 2407 264 2474 acenim
277 2413 391 2497 potest
406 2430 477 2476 esse
493 2415 566 2476 tam
583 2409 741 2494 flexibile,
753 2414 827 2475 tam
840 2408 977 2474 devium
991 2429 1093 2496 quam
1110 2408 1178 2474 ani-

172 2531 247 2577 mus
257 2513 337 2596 eius,
347 2513 405 2600 qui
417 2513 461 2578 ad
475 2512 613 2578 alterius
627 2533 697 2578 non
711 2511 813 2577 modo
827 2531 963 2577 sensum
976 2532 1015 2577 ac
1025 2510 1178 2577 volunta

172 2610 252 2698 tem,
265 2615 324 2681 sed
338 2615 442 2680 etiam
456 2614 591 2680 vultum
605 2618 707 2702 atque
722 2618 844 2679 nutum
857 2614 1087 2680 convertiturl

216 2735 307 2804 Neget
320 2734 390 2802 quis,
405 2750 492 2801 nego;
509 2737 554 2798 ait,
570 2733 630 2797 ai03
648 2740 785 2800 postremo
799 2734 932 2800 imperavi
946 2733 1053 2800 egomet
1065 2734 1135 2787 milri

217 2818 318 2871 Omnia
331 2816 474 2879 adsentiri,

132 2942 163 2990 aa
173 2927 212 2989 ut
229 2923 279 2988 ait
296 2922 387 2987 idem
404 2921 590 3004 Terentius,
606 2921 664 2987 sed
682 2921 739 2987 ille
756 2921 793 2985 in
811 2920 1003 2987 Gnathonis
1024 2941 1177 3008 persona,

173 3025 265 3114 quod
275 3024 373 3090 amici
384 3044 491 3111 genus
502 3023 661 3089 adhibere
672 3023 809 3089 omnino
819 3022 969 3089 levitatis
980 3028 1039 3089 est.
1075 3023 1178 3090 Multi
1189 3034 1226 3088 94

172 3130 288 3193 autem
297 3126 519 3192 Gnathonum
529 3125 654 3191 similes
666 3146 743 3190 cum
753 3125 822 3191 sint
833 3125 917 3208 loce,
927 3125 1074 3210 fortuna,
1084 3126 1179 3192 fama

172 3228 368 3315 superiores,
384 3226 507 3293 horum
524 3231 575 3293 est
592 3227 783 3294 adsentatio
799 3227 953 3310 molesta,
969 3248 1046 3293 cum
1063 3228 1107 3292 ad
1124 3249 1179 3294 va

172 3330 318 3396 nitatem
340 3329 479 3396 accessit
502 3329 693 3396 auctoritas.
740 3329 874 3396 Secerni
897 3334 1012 3395 autem
1034 3329 1178 3398 blandus
1188 3342 1225 3396 95

133 3433 300 3498 soumicus
318 3452 339 3497 a
354 3452 435 3498 vero
453 3437 488 3498 et
504 3432 686 3498 internosci
708 3436 781 3498 tam
799 3437 912 3519 potest
933 3432 1089 3498 adhibita
1105 3433 1178 3498 dili-

173 3533 290 3621 gentia
300 3553 402 3621 quam
417 3533 532 3599 omnia
545 3533 660 3599 fucata
672 3539 706 3598 et
720 3534 878 3599 simulata
893 3534 1060 3600 asinceris
1075 3540 1177 3623 atque

173 3637 271 3704 veris.
317 3636 450 3719 Contio,
466 3657 552 3723 quae
569 3657 611 3703 ex
628 3636 886 3723 imperitissimis
902 3642 1046 3720 constat,
1061 3641 1177 3705 tamen
