<?xml version="1.0" encoding="UTF-8"?>
<!DOCTYPE html PUBLIC "-//W3C//DTD XHTML 1.0 Transitional//EN"
    "http://www.w3.org/TR/xhtml1/DTD/xhtml1-transitional.dtd">
<html xmlns="http://www.w3.org/1999/xhtml" xml:lang="en" lang="en">
 <head>
  <title>
</title>
<meta http-equiv="Content-Type" content="text/html;charset=utf-8" />
  <meta name='ocr-system' content='tesseract 3.04.00' />
  <meta name='ocr-capabilities' content='ocr_page ocr_carea ocr_par ocr_line ocrx_word'/>
</head>
<body>
  <div class='ocr_page' id='page_1' title='image "./catomajoretlail00cicegoog_0088.png"; bbox 0 0 2684 4186; ppageno 0'>
   <div class='ocr_carea' id='block_1_1' title="bbox 487 340 1167 411">
    <p class='ocr_par' dir='ltr' id='par_1_1' title="bbox 487 340 1167 411">
     <span class='ocr_line' id='line_1_1' title="bbox 487 340 1167 411; baseline 0.021 -15"><span class='ocrx_word' id='word_1_1' title='bbox 487 340 568 396; x_wconf 75' lang='lat' dir='ltr'>caP.</span> <span class='ocrx_word' id='word_1_2' title='bbox 586 342 682 406; x_wconf 83' lang='lat' dir='ltr'>1a,1o.</span> <span class='ocrx_word' id='word_1_3' title='bbox 718 343 837 411; x_wconf 73' lang='lat'><strong>§64-70.</strong></span> <span class='ocrx_word' id='word_1_4' title='bbox 1126 348 1167 410; x_wconf 89' lang='grc'>63</span> 
     </span>
    </p>
   </div>
   <div class='ocr_carea' id='block_1_2' title="bbox 94 492 1220 3651">
    <p class='ocr_par' dir='ltr' id='par_1_2' title="bbox 140 492 1216 1396">
     <span class='ocr_line' id='line_1_2' title="bbox 164 492 1168 582; baseline 0.004 -24"><span class='ocrx_word' id='word_1_5' title='bbox 164 492 318 559; x_wconf 89' lang='lat' dir='ltr'>solemus.</span> <span class='ocrx_word' id='word_1_6' title='bbox 363 492 512 582; x_wconf 85' lang='lat' dir='ltr'>Indigna</span> <span class='ocrx_word' id='word_1_7' title='bbox 527 493 665 559; x_wconf 88' lang='lat' dir='ltr'>homine</span> <span class='ocrx_word' id='word_1_8' title='bbox 683 494 869 561; x_wconf 84' lang='lat' dir='ltr'>dubitatio!</span> <span class='ocrx_word' id='word_1_9' title='bbox 913 496 950 564; x_wconf 86' lang='lat' dir='ltr'>N</span> <span class='ocrx_word' id='word_1_10' title='bbox 950 518 996 562; x_wconf 91' lang='lat' dir='ltr'>on</span> <span class='ocrx_word' id='word_1_11' title='bbox 1010 497 1100 564; x_wconf 90' lang='lat' dir='ltr'>enim</span> <span class='ocrx_word' id='word_1_12' title='bbox 1115 496 1168 562; x_wconf 80' lang='lat' dir='ltr'>da</span> 
     </span>
     <span class='ocr_line' id='line_1_3' title="bbox 164 595 1167 682; baseline 0.005 -22"><span class='ocrx_word' id='word_1_13' title='bbox 164 595 246 661; x_wconf 91' lang='lat' dir='ltr'>bent</span> <span class='ocrx_word' id='word_1_14' title='bbox 260 615 332 662; x_wconf 85' lang='lat' dir='ltr'>esse</span> <span class='ocrx_word' id='word_1_15' title='bbox 345 597 571 662; x_wconf 78' lang='lat' dir='ltr'>amicitiarum</span> <span class='ocrx_word' id='word_1_16' title='bbox 584 597 671 662; x_wconf 90' lang='lat' dir='ltr'>sicut</span> <span class='ocrx_word' id='word_1_17' title='bbox 686 596 829 662; x_wconf 88' lang='lat' dir='ltr'>aliarum</span> <span class='ocrx_word' id='word_1_18' title='bbox 845 618 959 663; x_wconf 90' lang='lat' dir='ltr'>rerum</span> <span class='ocrx_word' id='word_1_19' title='bbox 976 600 1167 682; x_wconf 84' lang='lat' dir='ltr'>satietates3</span> 
     </span>
     <span class='ocr_line' id='line_1_4' title="bbox 163 698 1166 786; baseline 0.004 -23"><span class='ocrx_word' id='word_1_20' title='bbox 163 699 345 764; x_wconf 85' lang='lat' dir='ltr'>veterrima</span> <span class='ocrx_word' id='word_1_21' title='bbox 358 719 520 786; x_wconf 85' lang='lat' dir='ltr'>quaeque,</span> <span class='ocrx_word' id='word_1_22' title='bbox 529 703 568 764; x_wconf 95' lang='lat' dir='ltr'>ut</span> <span class='ocrx_word' id='word_1_23' title='bbox 580 719 620 764; x_wconf 90' lang='lat' dir='ltr'>ea</span> <span class='ocrx_word' id='word_1_24' title='bbox 630 698 718 782; x_wconf 84' lang='lat' dir='ltr'>vina,</span> <span class='ocrx_word' id='word_1_25' title='bbox 727 720 812 786; x_wconf 89' lang='lat' dir='ltr'>quae</span> <span class='ocrx_word' id='word_1_26' title='bbox 823 704 1028 766; x_wconf 84' lang='lat' dir='ltr'>vetustatem</span> <span class='ocrx_word' id='word_1_27' title='bbox 1041 701 1166 784; x_wconf 87' lang='lat' dir='ltr'>ferunt,</span> 
     </span>
     <span class='ocr_line' id='line_1_5' title="bbox 164 801 1169 889; baseline 0.003 -24"><span class='ocrx_word' id='word_1_28' title='bbox 164 820 236 866; x_wconf 86' lang='lat' dir='ltr'>esse</span> <span class='ocrx_word' id='word_1_29' title='bbox 253 801 353 867; x_wconf 90' lang='lat' dir='ltr'>debet</span> <span class='ocrx_word' id='word_1_30' title='bbox 371 801 587 884; x_wconf 81' lang='lat' dir='ltr'>suauissima3</span> <span class='ocrx_word' id='word_1_31' title='bbox 608 821 792 889; x_wconf 86' lang='lat' dir='ltr'>verumque</span> <span class='ocrx_word' id='word_1_32' title='bbox 810 802 895 867; x_wconf 92' lang='lat' dir='ltr'>illud</span> <span class='ocrx_word' id='word_1_33' title='bbox 913 807 973 885; x_wconf 87' lang='lat' dir='ltr'>est,</span> <span class='ocrx_word' id='word_1_34' title='bbox 986 803 1077 889; x_wconf 94' lang='lat' dir='ltr'>quod</span> <span class='ocrx_word' id='word_1_35' title='bbox 1091 803 1169 868; x_wconf 89' lang='lat' dir='ltr'>dioi-</span> 
     </span>
     <span class='ocr_line' id='line_1_6' title="bbox 140 903 1169 986; baseline 0.004 -20"><span class='ocrx_word' id='word_1_36' title='bbox 140 907 230 985; x_wconf 80' lang='lat' dir='ltr'>otur,</span> <span class='ocrx_word' id='word_1_37' title='bbox 245 904 371 969; x_wconf 87' lang='lat' dir='ltr'>multos</span> <span class='ocrx_word' id='word_1_38' title='bbox 388 903 519 968; x_wconf 90' lang='lat' dir='ltr'>modios</span> <span class='ocrx_word' id='word_1_39' title='bbox 537 903 615 968; x_wconf 90' lang='lat' dir='ltr'>salis</span> <span class='ocrx_word' id='word_1_40' title='bbox 633 903 733 968; x_wconf 90' lang='lat' dir='ltr'>simul</span> <span class='ocrx_word' id='word_1_41' title='bbox 751 904 898 970; x_wconf 89' lang='lat' dir='ltr'>edendos</span> <span class='ocrx_word' id='word_1_42' title='bbox 913 924 993 986; x_wconf 87' lang='lat' dir='ltr'>csse,</span> <span class='ocrx_word' id='word_1_43' title='bbox 1004 908 1044 969; x_wconf 91' lang='lat' dir='ltr'>ut</span> <span class='ocrx_word' id='word_1_44' title='bbox 1058 905 1169 970; x_wconf 87' lang='lat' dir='ltr'>amici-</span> 
     </span>
     <span class='ocr_line' id='line_1_7' title="bbox 164 1005 1216 1093; baseline 0.001 -23"><span class='ocrx_word' id='word_1_45' title='bbox 164 1005 233 1071; x_wconf 85' lang='lat' dir='ltr'>tiae</span> <span class='ocrx_word' id='word_1_46' title='bbox 253 1026 375 1071; x_wconf 90' lang='lat' dir='ltr'>munus</span> <span class='ocrx_word' id='word_1_47' title='bbox 397 1005 568 1093; x_wconf 86' lang='lat' dir='ltr'>expletum</span> <span class='ocrx_word' id='word_1_48' title='bbox 588 1005 641 1070; x_wconf 88' lang='lat' dir='ltr'>sit.</span> <span class='ocrx_word' id='word_1_49' title='bbox 686 1005 868 1084; x_wconf 82' lang='lat' dir='ltr'>Novitates</span> <span class='ocrx_word' id='word_1_50' title='bbox 890 1010 1005 1071; x_wconf 85' lang='lat' dir='ltr'>autem</span> <span class='ocrx_word' id='word_1_51' title='bbox 1026 1007 1054 1072; x_wconf 88' lang='lat' dir='ltr'>si</span> <span class='ocrx_word' id='word_1_52' title='bbox 1074 1027 1168 1093; x_wconf 88' lang='lat' dir='ltr'>spem</span> <span class='ocrx_word' id='word_1_53' title='bbox 1178 1029 1216 1082; x_wconf 87' lang='lat'>68</span> 
     </span>
     <span class='ocr_line' id='line_1_8' title="bbox 164 1107 1169 1195; baseline 0 -21"><span class='ocrx_word' id='word_1_54' title='bbox 164 1107 332 1191; x_wconf 85' lang='lat' dir='ltr'>adferunt,</span> <span class='ocrx_word' id='word_1_55' title='bbox 344 1111 384 1173; x_wconf 89' lang='lat' dir='ltr'>ut</span> <span class='ocrx_word' id='word_1_56' title='bbox 399 1113 575 1195; x_wconf 86' lang='lat' dir='ltr'>tamquam</span> <span class='ocrx_word' id='word_1_57' title='bbox 588 1108 625 1172; x_wconf 92' lang='lat' dir='ltr'>in</span> <span class='ocrx_word' id='word_1_58' title='bbox 635 1107 749 1173; x_wconf 81' lang='lat' dir='ltr'>herbis</span> <span class='ocrx_word' id='word_1_59' title='bbox 763 1128 833 1173; x_wconf 90' lang='lat' dir='ltr'>non</span> <span class='ocrx_word' id='word_1_60' title='bbox 846 1108 1024 1173; x_wconf 83' lang='lat' dir='ltr'>fallacibus</span> <span class='ocrx_word' id='word_1_61' title='bbox 1038 1108 1169 1174; x_wconf 81' lang='lat' dir='ltr'>fructus</span> 
     </span>
     <span class='ocr_line' id='line_1_9' title="bbox 164 1198 1169 1298; baseline 0.001 -24"><span class='ocrx_word' id='word_1_62' title='bbox 164 1198 334 1297; x_wconf 91' lang='lat' dir='ltr'>appareat,</span> <span class='ocrx_word' id='word_1_63' title='bbox 346 1230 416 1276; x_wconf 91' lang='lat' dir='ltr'>non</span> <span class='ocrx_word' id='word_1_64' title='bbox 429 1214 509 1275; x_wconf 91' lang='lat' dir='ltr'>sunt</span> <span class='ocrx_word' id='word_1_65' title='bbox 522 1210 601 1276; x_wconf 92' lang='lat' dir='ltr'>illae</span> <span class='ocrx_word' id='word_1_66' title='bbox 616 1210 753 1298; x_wconf 91' lang='lat' dir='ltr'>quidem</span> <span class='ocrx_word' id='word_1_67' title='bbox 769 1210 1005 1298; x_wconf 82' lang='lat' dir='ltr'>repudiandae,</span> <span class='ocrx_word' id='word_1_68' title='bbox 1018 1214 1169 1277; x_wconf 84' lang='lat' dir='ltr'>vetustas</span> 
     </span>
     <span class='ocr_line' id='line_1_10' title="bbox 164 1313 1169 1396; baseline 0.002 -20"><span class='ocrx_word' id='word_1_69' title='bbox 164 1316 279 1378; x_wconf 90' lang='lat' dir='ltr'>tamen</span> <span class='ocrx_word' id='word_1_70' title='bbox 303 1334 364 1379; x_wconf 93' lang='lat' dir='ltr'>suo</span> <span class='ocrx_word' id='word_1_71' title='bbox 386 1313 462 1378; x_wconf 94' lang='lat' dir='ltr'>loco</span> <span class='ocrx_word' id='word_1_72' title='bbox 486 1313 735 1396; x_wconf 84' lang='lat' dir='ltr'>conservanda3</span> <span class='ocrx_word' id='word_1_73' title='bbox 760 1313 909 1378; x_wconf 88' lang='lat' dir='ltr'>maxima</span> <span class='ocrx_word' id='word_1_74' title='bbox 931 1317 982 1378; x_wconf 87' lang='lat' dir='ltr'>est</span> <span class='ocrx_word' id='word_1_75' title='bbox 1005 1313 1096 1379; x_wconf 88' lang='lat' dir='ltr'>enim</span> <span class='ocrx_word' id='word_1_76' title='bbox 1117 1313 1169 1379; x_wconf 89' lang='lat' dir='ltr'>vis</span> 
     </span>
    </p>

    <p class='ocr_par' dir='ltr' id='par_1_3' title="bbox 126 1415 1170 1909">
     <span class='ocr_line' id='line_1_11' title="bbox 126 1415 1169 1503; baseline 0.003 -24"><span class='ocrx_word' id='word_1_77' title='bbox 126 1416 403 1481; x_wconf 84' lang='lat' dir='ltr'>1ovetustatiset</span> <span class='ocrx_word' id='word_1_78' title='bbox 429 1415 687 1482; x_wconf 76' lang='lat' dir='ltr'>consuetudinis,</span> <span class='ocrx_word' id='word_1_79' title='bbox 736 1415 828 1494; x_wconf 80' lang='lat' dir='ltr'>Quin</span> <span class='ocrx_word' id='word_1_80' title='bbox 852 1415 927 1502; x_wconf 90' lang='lat' dir='ltr'>ipso</span> <span class='ocrx_word' id='word_1_81' title='bbox 956 1436 1051 1503; x_wconf 88' lang='lat' dir='ltr'>equo,</span> <span class='ocrx_word' id='word_1_82' title='bbox 1075 1415 1169 1482; x_wconf 88' lang='lat' dir='ltr'>ouius</span> 
     </span>
     <span class='ocr_line' id='line_1_12' title="bbox 164 1517 1167 1605; baseline 0.002 -23"><span class='ocrx_word' id='word_1_83' title='bbox 164 1519 265 1584; x_wconf 92' lang='lat' dir='ltr'>modo</span> <span class='ocrx_word' id='word_1_84' title='bbox 279 1518 346 1583; x_wconf 86' lang='lat' dir='ltr'>feci</span> <span class='ocrx_word' id='word_1_85' title='bbox 359 1517 576 1600; x_wconf 86' lang='lat' dir='ltr'>mentionem,</span> <span class='ocrx_word' id='word_1_86' title='bbox 589 1518 617 1583; x_wconf 89' lang='lat' dir='ltr'>si</span> <span class='ocrx_word' id='word_1_87' title='bbox 632 1517 726 1583; x_wconf 92' lang='lat' dir='ltr'>nulla</span> <span class='ocrx_word' id='word_1_88' title='bbox 739 1538 793 1583; x_wconf 91' lang='lat' dir='ltr'>res</span> <span class='ocrx_word' id='word_1_89' title='bbox 807 1517 979 1605; x_wconf 87' lang='lat' dir='ltr'>impediat,</span> <span class='ocrx_word' id='word_1_90' title='bbox 991 1540 1091 1584; x_wconf 90' lang='lat' dir='ltr'>nemo</span> <span class='ocrx_word' id='word_1_91' title='bbox 1106 1524 1167 1602; x_wconf 88' lang='lat' dir='ltr'>est,</span> 
     </span>
     <span class='ocr_line' id='line_1_13' title="bbox 164 1618 1170 1707; baseline 0.004 -24"><span class='ocrx_word' id='word_1_92' title='bbox 164 1620 247 1706; x_wconf 93' lang='lat' dir='ltr'>quin</span> <span class='ocrx_word' id='word_1_93' title='bbox 257 1640 307 1702; x_wconf 88' lang='lat' dir='ltr'>ec,</span> <span class='ocrx_word' id='word_1_94' title='bbox 316 1640 383 1706; x_wconf 94' lang='lat' dir='ltr'>quo</span> <span class='ocrx_word' id='word_1_95' title='bbox 398 1620 581 1702; x_wconf 85' lang='lat' dir='ltr'>consuevit,</span> <span class='ocrx_word' id='word_1_96' title='bbox 593 1618 754 1685; x_wconf 86' lang='lat' dir='ltr'>libentius</span> <span class='ocrx_word' id='word_1_97' title='bbox 768 1624 885 1684; x_wconf 90' lang='lat' dir='ltr'>utatur</span> <span class='ocrx_word' id='word_1_98' title='bbox 896 1641 998 1707; x_wconf 90' lang='lat' dir='ltr'>quam</span> <span class='ocrx_word' id='word_1_99' title='bbox 1012 1621 1170 1687; x_wconf 80' lang='lat' dir='ltr'>intracia</span> 
     </span>
     <span class='ocr_line' id='line_1_14' title="bbox 165 1719 1170 1806; baseline 0.004 -22"><span class='ocrx_word' id='word_1_100' title='bbox 165 1725 203 1786; x_wconf 92' lang='lat' dir='ltr'>to</span> <span class='ocrx_word' id='word_1_101' title='bbox 220 1726 255 1786; x_wconf 90' lang='lat' dir='ltr'>et</span> <span class='ocrx_word' id='word_1_102' title='bbox 272 1741 370 1786; x_wconf 88' lang='lat' dir='ltr'>novo.</span> <span class='ocrx_word' id='word_1_103' title='bbox 414 1719 489 1789; x_wconf 88' lang='lat' dir='ltr'>Nec</span> <span class='ocrx_word' id='word_1_104' title='bbox 502 1741 583 1785; x_wconf 87' lang='lat' dir='ltr'>vero</span> <span class='ocrx_word' id='word_1_105' title='bbox 600 1720 638 1784; x_wconf 92' lang='lat' dir='ltr'>in</span> <span class='ocrx_word' id='word_1_106' title='bbox 654 1720 728 1802; x_wconf 89' lang='lat' dir='ltr'>hoo,</span> <span class='ocrx_word' id='word_1_107' title='bbox 740 1720 831 1806; x_wconf 92' lang='lat' dir='ltr'>quod</span> <span class='ocrx_word' id='word_1_108' title='bbox 845 1726 895 1786; x_wconf 89' lang='lat' dir='ltr'>est</span> <span class='ocrx_word' id='word_1_109' title='bbox 912 1722 1049 1804; x_wconf 89' lang='lat' dir='ltr'>animal,</span> <span class='ocrx_word' id='word_1_110' title='bbox 1060 1723 1119 1788; x_wconf 90' lang='lat' dir='ltr'>sed</span> <span class='ocrx_word' id='word_1_111' title='bbox 1133 1724 1170 1788; x_wconf 93' lang='lat' dir='ltr'>in</span> 
     </span>
     <span class='ocr_line' id='line_1_15' title="bbox 166 1821 1170 1909; baseline 0.001 -22"><span class='ocrx_word' id='word_1_112' title='bbox 166 1823 207 1887; x_wconf 91' lang='lat' dir='ltr'>iis</span> <span class='ocrx_word' id='word_1_113' title='bbox 229 1822 342 1904; x_wconf 87' lang='lat' dir='ltr'>etiam,</span> <span class='ocrx_word' id='word_1_114' title='bbox 361 1841 446 1909; x_wconf 86' lang='lat' dir='ltr'>quae</span> <span class='ocrx_word' id='word_1_115' title='bbox 468 1825 547 1886; x_wconf 89' lang='lat' dir='ltr'>sunt</span> <span class='ocrx_word' id='word_1_116' title='bbox 567 1821 727 1903; x_wconf 90' lang='lat' dir='ltr'>inanima,</span> <span class='ocrx_word' id='word_1_117' title='bbox 746 1821 953 1887; x_wconf 87' lang='lat' dir='ltr'>consuetudo</span> <span class='ocrx_word' id='word_1_118' title='bbox 975 1824 1076 1905; x_wconf 85' lang='lat' dir='ltr'>valet,</span> <span class='ocrx_word' id='word_1_119' title='bbox 1093 1845 1170 1888; x_wconf 88' lang='lat' dir='ltr'>cum</span> 
     </span>
    </p>

    <p class='ocr_par' dir='ltr' id='par_1_4' title="bbox 127 1921 1169 2114">
     <span class='ocr_line' id='line_1_16' title="bbox 127 1921 1169 2010; baseline 0.001 -21"><span class='ocrx_word' id='word_1_120' title='bbox 127 1943 156 1989; x_wconf 73' lang='lat'>1⁶</span> <span class='ocrx_word' id='word_1_121' title='bbox 166 1923 248 1990; x_wconf 91' lang='lat' dir='ltr'>locis</span> <span class='ocrx_word' id='word_1_122' title='bbox 262 1923 343 2010; x_wconf 90' lang='lat' dir='ltr'>ipsis</span> <span class='ocrx_word' id='word_1_123' title='bbox 357 1922 570 2005; x_wconf 84' lang='lat' dir='ltr'>delectemur,</span> <span class='ocrx_word' id='word_1_124' title='bbox 582 1922 769 1987; x_wconf 90' lang='lat' dir='ltr'>montuosis</span> <span class='ocrx_word' id='word_1_125' title='bbox 784 1921 888 1987; x_wconf 90' lang='lat' dir='ltr'>etiam</span> <span class='ocrx_word' id='word_1_126' title='bbox 902 1927 937 1988; x_wconf 89' lang='lat' dir='ltr'>et</span> <span class='ocrx_word' id='word_1_127' title='bbox 951 1923 1169 2008; x_wconf 85' lang='lat' dir='ltr'>silvestribus,</span> 
     </span>
     <span class='ocr_line' id='line_1_17' title="bbox 166 2023 828 2114; baseline -0.003 -24"><span class='ocrx_word' id='word_1_128' title='bbox 166 2025 337 2114; x_wconf 90' lang='lat' dir='ltr'>inquibus</span> <span class='ocrx_word' id='word_1_129' title='bbox 351 2024 477 2090; x_wconf 91' lang='lat' dir='ltr'>diutius</span> <span class='ocrx_word' id='word_1_130' title='bbox 492 2023 691 2090; x_wconf 91' lang='lat' dir='ltr'>commorati</span> <span class='ocrx_word' id='word_1_131' title='bbox 705 2044 828 2089; x_wconf 89' lang='lat' dir='ltr'>sumus.</span> 
     </span>
    </p>

    <p class='ocr_par' dir='ltr' id='par_1_5' title="bbox 167 2127 1217 2424">
     <span class='ocr_line' id='line_1_18' title="bbox 210 2127 1217 2214; baseline 0.007 -20"><span class='ocrx_word' id='word_1_132' title='bbox 210 2128 276 2195; x_wconf 84' lang='lat' dir='ltr'>Sed</span> <span class='ocrx_word' id='word_1_133' title='bbox 292 2128 480 2194; x_wconf 87' lang='lat' dir='ltr'>maximum</span> <span class='ocrx_word' id='word_1_134' title='bbox 497 2131 548 2192; x_wconf 90' lang='lat' dir='ltr'>est</span> <span class='ocrx_word' id='word_1_135' title='bbox 565 2127 601 2191; x_wconf 91' lang='lat' dir='ltr'>in</span> <span class='ocrx_word' id='word_1_136' title='bbox 619 2127 768 2193; x_wconf 89' lang='lat' dir='ltr'>amicitia</span> <span class='ocrx_word' id='word_1_137' title='bbox 784 2147 902 2214; x_wconf 89' lang='lat' dir='ltr'>parem</span> <span class='ocrx_word' id='word_1_138' title='bbox 919 2150 990 2195; x_wconf 85' lang='lat' dir='ltr'>esse</span> <span class='ocrx_word' id='word_1_139' title='bbox 1006 2128 1168 2196; x_wconf 82' lang='lat' dir='ltr'>inferiori.</span> <span class='ocrx_word' id='word_1_140' title='bbox 1179 2146 1217 2201; x_wconf 83' lang='grc'>69</span> 
     </span>
     <span class='ocr_line' id='line_1_19' title="bbox 167 2229 1169 2320; baseline 0.001 -22"><span class='ocrx_word' id='word_1_141' title='bbox 167 2233 273 2320; x_wconf 83' lang='lat' dir='ltr'>Saepe</span> <span class='ocrx_word' id='word_1_142' title='bbox 298 2231 388 2297; x_wconf 89' lang='lat' dir='ltr'>enim</span> <span class='ocrx_word' id='word_1_143' title='bbox 417 2229 635 2296; x_wconf 81' lang='lat' dir='ltr'>excellentiae</span> <span class='ocrx_word' id='word_1_144' title='bbox 663 2230 829 2317; x_wconf 87' lang='lat' dir='ltr'>quaedam</span> <span class='ocrx_word' id='word_1_145' title='bbox 854 2237 942 2316; x_wconf 87' lang='lat' dir='ltr'>sunt,</span> <span class='ocrx_word' id='word_1_146' title='bbox 963 2233 1071 2320; x_wconf 90' lang='lat' dir='ltr'>qualis</span> <span class='ocrx_word' id='word_1_147' title='bbox 1096 2238 1169 2299; x_wconf 89' lang='lat' dir='ltr'>erat</span> 
     </span>
     <span class='ocr_line' id='line_1_20' title="bbox 167 2332 1171 2424; baseline -0.001 -23"><span class='ocrx_word' id='word_1_148' title='bbox 167 2335 332 2421; x_wconf 83' lang='lat' dir='ltr'>Scipionis</span> <span class='ocrx_word' id='word_1_149' title='bbox 353 2334 390 2398; x_wconf 91' lang='lat' dir='ltr'>in</span> <span class='ocrx_word' id='word_1_150' title='bbox 411 2338 538 2416; x_wconf 89' lang='lat' dir='ltr'>nostro,</span> <span class='ocrx_word' id='word_1_151' title='bbox 553 2337 593 2398; x_wconf 91' lang='lat' dir='ltr'>ut</span> <span class='ocrx_word' id='word_1_152' title='bbox 612 2332 662 2400; x_wconf 92' lang='lat' dir='ltr'>ita</span> <span class='ocrx_word' id='word_1_153' title='bbox 679 2334 799 2417; x_wconf 88' lang='lat' dir='ltr'>dicam,</span> <span class='ocrx_word' id='word_1_154' title='bbox 815 2354 928 2423; x_wconf 82' lang='lat' dir='ltr'>grege.</span> <span class='ocrx_word' id='word_1_155' title='bbox 973 2335 1171 2424; x_wconf 88' lang='lat' dir='ltr'>Numquam</span> 
     </span>
    </p>

    <p class='ocr_par' dir='ltr' id='par_1_6' title="bbox 94 2435 1220 3651">
     <span class='ocr_line' id='line_1_21' title="bbox 126 2435 1171 2525; baseline 0.001 -22"><span class='ocrx_word' id='word_1_156' title='bbox 126 2456 201 2503; x_wconf 74' lang='lat' dir='ltr'>cose</span> <span class='ocrx_word' id='word_1_157' title='bbox 221 2438 279 2503; x_wconf 92' lang='lat' dir='ltr'>ille</span> <span class='ocrx_word' id='word_1_158' title='bbox 301 2436 412 2520; x_wconf 90' lang='lat' dir='ltr'>Philo,</span> <span class='ocrx_word' id='word_1_159' title='bbox 427 2456 613 2525; x_wconf 87' lang='lat' dir='ltr'>numquam</span> <span class='ocrx_word' id='word_1_160' title='bbox 633 2435 782 2524; x_wconf 86' lang='lat' dir='ltr'>Rupilio,</span> <span class='ocrx_word' id='word_1_161' title='bbox 798 2457 982 2524; x_wconf 90' lang='lat' dir='ltr'>numquam</span> <span class='ocrx_word' id='word_1_162' title='bbox 1003 2438 1171 2504; x_wconf 91' lang='lat' dir='ltr'>Mummio</span> 
     </span>
     <span class='ocr_line' id='line_1_22' title="bbox 166 2538 1171 2627; baseline 0.001 -22"><span class='ocrx_word' id='word_1_163' title='bbox 166 2539 367 2627; x_wconf 87' lang='lat' dir='ltr'>anteposuit,</span> <span class='ocrx_word' id='word_1_164' title='bbox 378 2558 563 2626; x_wconf 88' lang='lat' dir='ltr'>numquam</span> <span class='ocrx_word' id='word_1_165' title='bbox 576 2538 745 2604; x_wconf 83' lang='lat' dir='ltr'>inferioris</span> <span class='ocrx_word' id='word_1_166' title='bbox 760 2539 886 2604; x_wconf 89' lang='lat' dir='ltr'>ordinis</span> <span class='ocrx_word' id='word_1_167' title='bbox 900 2540 1026 2620; x_wconf 89' lang='lat' dir='ltr'>amicis,</span> <span class='ocrx_word' id='word_1_168' title='bbox 1039 2541 1079 2617; x_wconf 79' lang='lat' dir='ltr'>Q.</span> <span class='ocrx_word' id='word_1_169' title='bbox 1090 2561 1171 2606; x_wconf 83' lang='lat' dir='ltr'>vero</span> 
     </span>
     <span class='ocr_line' id='line_1_23' title="bbox 166 2640 1173 2726; baseline 0 -18"><span class='ocrx_word' id='word_1_170' title='bbox 166 2642 356 2708; x_wconf 87' lang='lat' dir='ltr'>Maximum</span> <span class='ocrx_word' id='word_1_171' title='bbox 376 2640 528 2722; x_wconf 81' lang='lat' dir='ltr'>fratrem,</span> <span class='ocrx_word' id='word_1_172' title='bbox 543 2640 718 2726; x_wconf 85' lang='lat' dir='ltr'>egregium</span> <span class='ocrx_word' id='word_1_173' title='bbox 736 2641 848 2707; x_wconf 84' lang='lat' dir='ltr'>virum</span> <span class='ocrx_word' id='word_1_174' title='bbox 869 2642 1017 2723; x_wconf 90' lang='lat' dir='ltr'>omnino,</span> <span class='ocrx_word' id='word_1_175' title='bbox 1035 2642 1099 2707; x_wconf 90' lang='lat' dir='ltr'>sibi</span> <span class='ocrx_word' id='word_1_176' title='bbox 1118 2664 1173 2708; x_wconf 85' lang='lat' dir='ltr'>ne</span> 
     </span>
     <span class='ocr_line' id='line_1_24' title="bbox 167 2740 1173 2829; baseline 0.001 -22"><span class='ocrx_word' id='word_1_177' title='bbox 167 2763 336 2829; x_wconf 90' lang='lat' dir='ltr'>quaquam</span> <span class='ocrx_word' id='word_1_178' title='bbox 359 2761 486 2829; x_wconf 90' lang='lat' dir='ltr'>parem,</span> <span class='ocrx_word' id='word_1_179' title='bbox 507 2741 598 2827; x_wconf 90' lang='lat' dir='ltr'>quod</span> <span class='ocrx_word' id='word_1_180' title='bbox 622 2741 651 2805; x_wconf 91' lang='lat' dir='ltr'>is</span> <span class='ocrx_word' id='word_1_181' title='bbox 676 2740 828 2806; x_wconf 88' lang='lat' dir='ltr'>anteibat</span> <span class='ocrx_word' id='word_1_182' title='bbox 853 2745 974 2824; x_wconf 84' lang='lat' dir='ltr'>aetate,</span> <span class='ocrx_word' id='word_1_183' title='bbox 997 2746 1173 2829; x_wconf 91' lang='lat' dir='ltr'>tamquam</span> 
     </span>
     <span class='ocr_line' id='line_1_25' title="bbox 167 2842 1173 2933; baseline 0.001 -23"><span class='ocrx_word' id='word_1_184' title='bbox 167 2845 374 2933; x_wconf 86' lang='lat' dir='ltr'>superiorem</span> <span class='ocrx_word' id='word_1_185' title='bbox 394 2842 528 2908; x_wconf 88' lang='lat' dir='ltr'>colebat</span> <span class='ocrx_word' id='word_1_186' title='bbox 549 2862 691 2928; x_wconf 84' lang='lat' dir='ltr'>suosque</span> <span class='ocrx_word' id='word_1_187' title='bbox 712 2861 829 2906; x_wconf 91' lang='lat' dir='ltr'>omnes</span> <span class='ocrx_word' id='word_1_188' title='bbox 849 2862 911 2929; x_wconf 87' lang='lat' dir='ltr'>per</span> <span class='ocrx_word' id='word_1_189' title='bbox 929 2863 965 2908; x_wconf 84' lang='lat' dir='ltr'>se</span> <span class='ocrx_word' id='word_1_190' title='bbox 984 2864 1081 2929; x_wconf 88' lang='lat' dir='ltr'>posse</span> <span class='ocrx_word' id='word_1_191' title='bbox 1102 2866 1173 2912; x_wconf 87' lang='lat' dir='ltr'>esse</span> 
     </span>
     <span class='ocr_line' id='line_1_26' title="bbox 128 2942 1220 3034; baseline 0.002 -23"><span class='ocrx_word' id='word_1_192' title='bbox 128 2964 159 3012; x_wconf 74' lang='lat' dir='ltr'>aa</span> <span class='ocrx_word' id='word_1_193' title='bbox 169 2946 349 3034; x_wconf 86' lang='lat' dir='ltr'>ampliores</span> <span class='ocrx_word' id='word_1_194' title='bbox 374 2944 519 3010; x_wconf 87' lang='lat' dir='ltr'>volebat.</span> <span class='ocrx_word' id='word_1_195' title='bbox 565 2943 664 3022; x_wconf 84' lang='lat' dir='ltr'>Quod</span> <span class='ocrx_word' id='word_1_196' title='bbox 688 2942 881 3008; x_wconf 87' lang='lat' dir='ltr'>faciendum</span> <span class='ocrx_word' id='word_1_197' title='bbox 905 2945 1173 3034; x_wconf 87' lang='lat' dir='ltr'>imitandumque</span> <span class='ocrx_word' id='word_1_198' title='bbox 1183 2959 1220 3018; x_wconf 83' lang='lat' dir='ltr'>to</span> 
     </span>
     <span class='ocr_line' id='line_1_27' title="bbox 169 3045 1172 3135; baseline 0 -21"><span class='ocrx_word' id='word_1_199' title='bbox 169 3053 220 3115; x_wconf 88' lang='lat' dir='ltr'>est</span> <span class='ocrx_word' id='word_1_200' title='bbox 234 3048 399 3130; x_wconf 89' lang='lat' dir='ltr'>omnibus,</span> <span class='ocrx_word' id='word_1_201' title='bbox 408 3052 457 3129; x_wconf 89' lang='lat' dir='ltr'>ut,</span> <span class='ocrx_word' id='word_1_202' title='bbox 470 3045 611 3132; x_wconf 88' lang='lat' dir='ltr'>siquam</span> <span class='ocrx_word' id='word_1_203' title='bbox 624 3045 867 3133; x_wconf 88' lang='lat' dir='ltr'>praestantiam</span> <span class='ocrx_word' id='word_1_204' title='bbox 876 3046 1022 3130; x_wconf 85' lang='lat' dir='ltr'>virtutis,</span> <span class='ocrx_word' id='word_1_205' title='bbox 1034 3047 1172 3135; x_wconf 83' lang='lat' dir='ltr'>ingenii,</span> 
     </span>
     <span class='ocr_line' id='line_1_28' title="bbox 94 3147 1175 3236; baseline 0.001 -20"><span class='ocrx_word' id='word_1_206' title='bbox 94 3174 96 3176; x_wconf 91' lang='lat'>·</span> <span class='ocrx_word' id='word_1_207' title='bbox 168 3152 327 3218; x_wconf 85' lang='lat' dir='ltr'>fortunae</span> <span class='ocrx_word' id='word_1_208' title='bbox 348 3148 519 3215; x_wconf 85' lang='lat' dir='ltr'>consecuti</span> <span class='ocrx_word' id='word_1_209' title='bbox 540 3147 618 3231; x_wconf 86' lang='lat' dir='ltr'>sint,</span> <span class='ocrx_word' id='word_1_210' title='bbox 633 3147 820 3236; x_wconf 84' lang='lat' dir='ltr'>inpartiant</span> <span class='ocrx_word' id='word_1_211' title='bbox 842 3170 882 3214; x_wconf 88' lang='lat' dir='ltr'>ca</span> <span class='ocrx_word' id='word_1_212' title='bbox 903 3150 971 3215; x_wconf 88' lang='lat' dir='ltr'>suis</span> <span class='ocrx_word' id='word_1_213' title='bbox 993 3153 1175 3217; x_wconf 90' lang='lat' dir='ltr'>communi-</span> 
     </span>
     <span class='ocr_line' id='line_1_29' title="bbox 169 3251 1175 3345; baseline 0 -25"><span class='ocrx_word' id='word_1_214' title='bbox 169 3259 312 3345; x_wconf 84' lang='lat' dir='ltr'>centque</span> <span class='ocrx_word' id='word_1_215' title='bbox 329 3274 406 3318; x_wconf 88' lang='lat' dir='ltr'>cum</span> <span class='ocrx_word' id='word_1_216' title='bbox 424 3251 596 3339; x_wconf 71' lang='lat' dir='ltr'>proximis</span> <span class='ocrx_word' id='word_1_217' title='bbox 612 3255 661 3334; x_wconf 93' lang='lat' dir='ltr'>ut,</span> <span class='ocrx_word' id='word_1_218' title='bbox 677 3251 705 3317; x_wconf 89' lang='lat' dir='ltr'>si</span> <span class='ocrx_word' id='word_1_219' title='bbox 722 3253 919 3338; x_wconf 82' lang='lat' dir='ltr'>parentibus</span> <span class='ocrx_word' id='word_1_220' title='bbox 938 3253 1011 3319; x_wconf 92' lang='lat' dir='ltr'>nati</span> <span class='ocrx_word' id='word_1_221' title='bbox 1030 3254 1098 3320; x_wconf 89' lang='lat' dir='ltr'>sint</span> <span class='ocrx_word' id='word_1_222' title='bbox 1116 3255 1175 3320; x_wconf 93' lang='lat' dir='ltr'>hn-</span> 
     </span>
     <span class='ocr_line' id='line_1_30' title="bbox 168 3353 1174 3444; baseline 0.003 -23"><span class='ocrx_word' id='word_1_223' title='bbox 168 3357 314 3439; x_wconf 90' lang='lat' dir='ltr'>milibus,</span> <span class='ocrx_word' id='word_1_224' title='bbox 329 3355 358 3422; x_wconf 88' lang='lat' dir='ltr'>si</span> <span class='ocrx_word' id='word_1_225' title='bbox 375 3354 582 3444; x_wconf 87' lang='lat' dir='ltr'>propinquos</span> <span class='ocrx_word' id='word_1_226' title='bbox 599 3353 746 3420; x_wconf 89' lang='lat' dir='ltr'>habeant</span> <span class='ocrx_word' id='word_1_227' title='bbox 763 3353 970 3421; x_wconf 85' lang='lat' dir='ltr'>inbecilliora</span> <span class='ocrx_word' id='word_1_228' title='bbox 988 3354 1043 3421; x_wconf 84' lang='lat' dir='ltr'>vol</span> <span class='ocrx_word' id='word_1_229' title='bbox 1060 3357 1174 3424; x_wconf 92' lang='lat' dir='ltr'>animo</span> 
     </span>
     <span class='ocr_line' id='line_1_31' title="bbox 129 3458 1174 3546; baseline 0.001 -21"><span class='ocrx_word' id='word_1_230' title='bbox 129 3460 224 3526; x_wconf 83' lang='lat' dir='ltr'>aovel</span> <span class='ocrx_word' id='word_1_231' title='bbox 246 3459 394 3541; x_wconf 83' lang='lat' dir='ltr'>fortuna,</span> <span class='ocrx_word' id='word_1_232' title='bbox 414 3478 531 3524; x_wconf 90' lang='lat' dir='ltr'>eorum</span> <span class='ocrx_word' id='word_1_233' title='bbox 553 3461 701 3544; x_wconf 84' lang='lat' dir='ltr'>augeant</span> <span class='ocrx_word' id='word_1_234' title='bbox 723 3477 803 3543; x_wconf 84' lang='lat' dir='ltr'>opes</span> <span class='ocrx_word' id='word_1_235' title='bbox 826 3458 939 3546; x_wconf 85' lang='lat' dir='ltr'>eisque</span> <span class='ocrx_word' id='word_1_236' title='bbox 961 3458 1083 3524; x_wconf 90' lang='lat' dir='ltr'>honori</span> <span class='ocrx_word' id='word_1_237' title='bbox 1106 3461 1174 3526; x_wconf 90' lang='lat' dir='ltr'>sint</span> 
     </span>
     <span class='ocr_line' id='line_1_32' title="bbox 170 3559 1176 3651; baseline 0.001 -24"><span class='ocrx_word' id='word_1_238' title='bbox 170 3568 204 3627; x_wconf 91' lang='lat' dir='ltr'>et</span> <span class='ocrx_word' id='word_1_239' title='bbox 226 3561 396 3649; x_wconf 86' lang='lat' dir='ltr'>dignitati.</span> <span class='ocrx_word' id='word_1_240' title='bbox 441 3561 491 3626; x_wconf 88' lang='lat' dir='ltr'>Ut</span> <span class='ocrx_word' id='word_1_241' title='bbox 514 3560 551 3625; x_wconf 90' lang='lat' dir='ltr'>in</span> <span class='ocrx_word' id='word_1_242' title='bbox 573 3560 707 3642; x_wconf 85' lang='lat' dir='ltr'>fabulis,</span> <span class='ocrx_word' id='word_1_243' title='bbox 725 3559 783 3646; x_wconf 92' lang='lat' dir='ltr'>qui</span> <span class='ocrx_word' id='word_1_244' title='bbox 806 3560 1012 3648; x_wconf 87' lang='lat' dir='ltr'>aliquamdiu</span> <span class='ocrx_word' id='word_1_245' title='bbox 1035 3568 1176 3651; x_wconf 87' lang='lat' dir='ltr'>propter</span> 
     </span>
    </p>
   </div>
   <div class='ocr_carea' id='block_1_3' title="bbox 169 3662 1174 3755">
    <p class='ocr_par' dir='ltr' id='par_1_7' title="bbox 169 3662 1174 3755">
     <span class='ocr_line' id='line_1_33' title="bbox 169 3662 1174 3755; baseline -0.005 -21"><span class='ocrx_word' id='word_1_246' title='bbox 169 3664 418 3755; x_wconf 79' lang='lat' dir='ltr'>ignorationem</span> <span class='ocrx_word' id='word_1_247' title='bbox 439 3662 554 3750; x_wconf 82' lang='lat' dir='ltr'>stirpis</span> <span class='ocrx_word' id='word_1_248' title='bbox 572 3666 608 3734; x_wconf 85' lang='lat' dir='ltr'>et</span> <span class='ocrx_word' id='word_1_249' title='bbox 629 3662 761 3749; x_wconf 81' lang='lat' dir='ltr'>generis</span> <span class='ocrx_word' id='word_1_250' title='bbox 783 3662 819 3732; x_wconf 85' lang='lat' dir='ltr'>io</span> <span class='ocrx_word' id='word_1_251' title='bbox 838 3663 1007 3733; x_wconf 87' lang='lat' dir='ltr'>famulatu</span> <span class='ocrx_word' id='word_1_252' title='bbox 1025 3664 1174 3750; x_wconf 77' lang='lat' dir='ltr'>fuerunt,</span> 
     </span>
    </p>
   </div>
   <div class='ocr_carea' id='block_1_4' title="bbox 0 0 1360 4186">
    <p class='ocr_par' dir='ltr' id='par_1_8' title="bbox 0 0 1360 4186">
     <span class='ocr_line' id='line_1_34' title="bbox 0 0 1360 4186; baseline 0 0"><span class='ocrx_word' id='word_1_253' title='bbox 0 0 1360 4186; x_wconf 95' lang='lat' dir='ltr'> </span> 
     </span>
    </p>
   </div>
  </div>
 </body>
</html>
