2714 4216
530 332 654 398 cani,
669 335 693 389 a.
729 333 849 402 sieta.
1150 340 1193 404 43

188 480 335 574 quocum
355 490 391 552 et
408 485 527 552 domus
548 484 616 550 fuit
638 488 673 550 et
693 483 817 550 militia
837 485 1023 553 communis
1043 490 1087 570 et,
1103 486 1139 552 id
1156 487 1194 555 in

188 607 257 677 quo
278 592 331 653 θεῖ
352 588 462 654 omnis
483 588 535 655 vis
557 587 734 671 amicitiae,
750 587 975 673 voluntatum,
993 591 1191 677 studiorum,

187 689 433 756 sententiarum
449 711 581 756 summa
594 689 777 756 consensio.
821 688 943 779 Itaque
957 712 1026 757 non
1039 693 1113 759 tan
1125 695 1192 760 ista

186 813 242 860 me
265 793 460 881 sapientiae,
480 812 584 881 quam
605 790 708 858 modo
731 790 880 858 Fannius
905 797 1190 880 commemoravit,

163 896 280 962 asama
296 895 452 979 delectat,
468 894 557 960 falsa
573 894 780 982 praesertim,
795 915 899 983 quam
915 896 1007 984 quod
1023 897 1192 965 amicitiae

186 1002 322 1065 nostrae
338 997 538 1065 memoriam
560 1016 658 1084 spero
677 997 916 1084 sempiternam
933 998 1017 1082 fore,
1033 998 1134 1088 idque
1151 1022 1192 1067 eo

184 1100 270 1165 mihi
290 1100 400 1189 magis
422 1105 473 1166 est
496 1099 598 1182 cordi,
618 1099 710 1186 quod
731 1120 774 1165 ex
795 1100 950 1166 omnibus
972 1103 1111 1168 saecidis
1132 1104 1192 1169 vix

184 1203 251 1269 tria
260 1207 321 1269 aut
334 1208 496 1291 quattuor
511 1201 730 1267 nominantur
743 1202 839 1289 paria
852 1204 1055 1288 amicorum3
1073 1226 1140 1293 quo
1154 1207 1191 1271 in

182 1325 305 1393 genere
330 1325 465 1393 sperare
492 1305 609 1372 videor
637 1304 803 1392 Scipionis
829 1310 865 1372 et
887 1306 980 1373 Laeli
1005 1307 1191 1375 amicitiam

144 1424 174 1474 10
182 1413 299 1476 notam
314 1409 508 1497 posteritati
526 1408 609 1474 fore.

224 1510 384 1578 Faxmus.
412 1511 507 1578 Istuc
521 1510 667 1598 quidem,
681 1510 783 1594 Laeli,
799 1511 849 1577 ita
866 1530 999 1578 necesse
1016 1517 1076 1579 est.
1122 1513 1189 1580 Sed
1199 1521 1234 1576 16

181 1614 342 1701 quoniam
359 1614 528 1680 amicitiae
546 1613 755 1680 mentionem
773 1612 884 1679 fecisti
898 1619 934 1680 et
948 1636 1063 1681 sumus
1077 1617 1186 1701 otiosi,

180 1720 379 1803 pergratum
392 1716 478 1780 mihi
493 1715 621 1799 feceris,
632 1735 730 1801 spero
744 1715 829 1781 item
840 1716 1029 1800 Scaevolae,
1038 1718 1076 1799 si,
1087 1739 1188 1806 quem

180 1818 226 1884 ad
249 1818 389 1882 modum
413 1818 499 1884 soles
524 1817 567 1883 de
593 1817 712 1883 ceteris
736 1817 845 1900 rebus,
868 1837 945 1882 eum
972 1838 1015 1883 ex
1037 1823 1073 1884 te
1091 1841 1189 1906 quae

141 1929 171 1984 15
180 1924 312 2003 runtur,
325 1921 372 1986 sic
387 1920 429 1985 de
447 1919 597 1986 amicitia
612 1919 794 2006 disputaris
809 1919 892 2006 quid
908 1920 1041 2003 sentias,
1054 1921 1188 2008 qualem

180 2024 369 2106 existumas,
382 2043 469 2111 quae
482 2026 663 2110 praccepta
677 2022 744 2088 des.

223 2126 407 2192 Soanvom.
434 2125 523 2192 Mihi
540 2145 621 2192 vero
640 2125 704 2190 erit
722 2127 878 2212 gratum3
904 2129 1006 2213 atque
1022 2125 1059 2192 id
1075 2126 1187 2214 ipsum

178 2249 255 2294 cum
269 2234 382 2296 tecum
396 2249 497 2316 agere
512 2249 659 2311 conarer,
672 2227 820 2293 Fannius
835 2228 1029 2295 antevortit.
1074 2229 1186 2308 Quam

178 2331 308 2397 obrem
322 2331 457 2419 utrique
472 2334 626 2397 nostrum
640 2333 778 2418 gratum
793 2329 975 2396 admodum
989 2330 1118 2399 feceris.

137 2448 170 2498 20
221 2432 374 2499 Lnnnms.
402 2432 478 2521 Ego
494 2454 576 2498 vero
598 2453 668 2497 non
689 2453 858 2520 gravarer,
874 2432 903 2498 si
919 2433 1004 2498 mihi
1021 2434 1093 2521 ipse
1110 2455 1184 2500 con-
1194 2403 1231 2551 ᾖ

176 2534 336 2619 fiderem3
362 2556 442 2602 nam
460 2539 495 2601 et
513 2535 686 2623 praeclara
707 2555 760 2600 res
779 2539 831 2600 est
848 2538 883 2600 et
900 2555 1024 2618 sumus,
1039 2540 1078 2601 ut
1096 2536 1184 2601 dixit

177 2636 335 2722 Fannius,
352 2638 462 2704 otiosi.
508 2637 576 2702 Sed
595 2637 669 2723 quis
691 2656 756 2724 ego
778 2637 873 2702 sumi
899 2641 959 2701 aut
976 2658 1063 2723 quae
1079 2642 1131 2703 θεῖ
1147 2638 1184 2703 in

175 2760 231 2805 me
259 2739 428 2805 facultasi
459 2738 637 2804 doctorum
666 2742 717 2803 est
745 2738 812 2803 ista
840 2737 1056 2820 consuetudo,
1079 2758 1184 2825 eaque

177 2840 394 2924 Graecorum,
409 2844 449 2905 ut
466 2840 508 2905 iis
527 2842 683 2927 ponatur,
695 2839 738 2904 de
755 2859 823 2925 quo
840 2839 1013 2925 disputent
1030 2840 1184 2924 quamvis

135 2963 166 3010 aa
176 2942 309 3026 subit03
334 2962 499 3028 magnum
520 2961 604 3028 opus
622 2944 674 3006 θεῖ
691 2944 835 3027 egetque
856 2940 1096 3005 exercitatione
1113 2961 1183 3008 non

174 3065 288 3134 parva.
328 3044 440 3123 Quam
455 3044 500 3110 ob
516 3064 597 3126 rem,
610 3063 696 3130 quae
710 3042 875 3131 disputari
891 3042 933 3108 de
947 3042 1097 3109 amicitia
1109 3064 1183 3130 pos

174 3151 262 3231 sunt,
279 3147 323 3213 ab
345 3147 392 3213 eis
416 3166 536 3213 censeo
557 3145 691 3232 petatis,
707 3145 765 3232 qui
786 3145 853 3210 ista
872 3145 1096 3233 profitentur;
1118 3167 1182 3234 ego

173 3271 233 3316 vos
259 3249 391 3316 hortari
418 3253 555 3315 tantum
580 3268 726 3336 possum,
748 3252 789 3313 ut
815 3247 1000 3314 amicitiam
1025 3249 1182 3317 omnibus

172 3353 271 3418 rebus
290 3352 447 3419 humanis
464 3351 697 3440 anteponatis3
718 3350 805 3416 nihil
822 3355 874 3417 est
890 3351 981 3417 enirn
997 3356 1071 3418 tam
1087 3357 1181 3418 natu·

133 3471 229 3520 aorae
255 3460 382 3542 aptum,
402 3460 477 3520 tam
499 3454 700 3521 conveniens
723 3453 767 3518 ad
789 3474 843 3520 res
866 3453 920 3519 vel
942 3454 1103 3520 secundas
1125 3455 1181 3521 vel

172 3556 339 3624 adversas.
386 3557 452 3623 Sed
468 3555 534 3622 hoc
550 3556 699 3643 primum
715 3555 835 3637 sentio,
850 3555 915 3621 nisi
933 3556 970 3620 in
986 3556 1084 3641 bonis
1101 3557 1227 3626 ami-18

174 3658 292 3726 citiam
309 3679 380 3728 esse
397 3678 467 3724 non
483 3678 600 3744 posse3
625 3676 734 3744 neque
751 3656 788 3722 id
804 3656 849 3723 ad
865 3656 982 3724 vivum
1002 3678 1124 3741 reseco,
1139 3663 1180 3725 ut
