2714 4216
351 310 364 356 .’
467 307 549 368 ΟΑΡ.
566 308 662 377 14115.
698 312 817 380 §46-51.
1098 318 1146 381 ¹21

143 485 219 553 que,
237 468 277 530 ut
296 463 429 548 dicitur,
444 465 576 531 viveret
623 463 757 530 sivero
778 463 882 530 habet
903 455 1042 553 aliquod
1062 469 1148 531 tam·

144 588 247 655 quam
260 567 423 655 pabulum
437 567 541 633 studii
555 572 658 654 atque
672 565 854 650 doctrinae,
866 566 952 632 nihil
969 573 1021 634 est
1038 569 1148 636 otiosa

144 673 316 736 senectute
329 669 514 736 iucundius.
551 669 642 735 Mori
656 689 763 756 paene
772 669 969 736 videbamus
983 671 1020 735 in
1034 672 1146 737 studio

144 771 343 838 dimetiendi
365 772 450 839 caeli
472 779 575 859 atque
596 776 708 838 terrae
732 770 1147 855 sedunensium

121 875 251 962 epatris
264 875 326 959 tui,
339 875 468 962 Scipi03
486 874 641 963 quotiens
655 874 753 939 illum
762 874 823 938 lux
835 879 939 940 noctu
953 875 1080 963 aliquid
1095 876 1148 942 de-

144 976 499 1066 scribereingressum,
512 977 666 1066 quotiens
680 997 750 1042 nox
766 977 942 1064 oppressit,
958 987 1036 1043 cum
1048 994 1148 1044 mane

144 1079 325 1167 coepisset!
352 1100 455 1168 quam
475 1079 665 1154 delectabat
686 1099 764 1145 eum
785 1079 989 1146 defectiones
1011 1080 1091 1146 solis
1112 1086 1147 1146 et

144 1180 244 1248 lunae
260 1182 370 1264 multo
387 1188 468 1249 ante
485 1183 582 1249 nobis
604 1181 811 1269 praediceret
857 1173 947 1261 Quid
964 1183 1001 1247 in
1017 1183 1195 1249 leviori-50

146 1283 206 1350 bus
227 1285 356 1369 studiis,
373 1286 432 1351 sed
452 1293 567 1350 tamen
587 1285 716 1350 acutisl
741 1305 845 1372 quam
864 1285 1036 1372 gaudebat
1057 1286 1148 1353 bello

105 1406 136 1453 10
143 1408 204 1453 suo
219 1388 348 1454 Punico
363 1387 529 1454 Naevius!
549 1409 652 1476 quam
662 1387 867 1453 Truculento
881 1387 1033 1472 Plautus,
1045 1410 1148 1477 quam

144 1488 330 1559 Pseudolo!
375 1491 459 1558 Vidi
476 1490 582 1557 etiam
603 1478 887 1574 senem'Livium3
912 1484 972 1579 qui
992 1512 1071 1557 cum
1088 1512 1148 1559 sex

144 1594 242 1659 annis
263 1602 353 1676 ante,
372 1615 476 1680 quam
496 1614 560 1680 ego
582 1597 683 1658 natus
705 1614 789 1676 sum,
807 1593 960 1659 fabulam
980 1594 1148 1661 docuisset

145 1694 299 1761 Oentone
313 1695 549 1782 luditanoque
567 1695 767 1778 consulibus,
779 1716 885 1783 usque
899 1697 944 1761 ad
960 1697 1149 1764 adulescen-

145 1797 231 1862 tiam
243 1817 357 1862 meam
369 1797 531 1884 processit
545 1800 667 1862 aetate.
705 1796 796 1875 Quid
809 1798 852 1863 de
865 1797 905 1863 P.
918 1798 1025 1863 Licini
1036 1799 1148 1866 Orassi

106 1917 137 1964 re
146 1903 181 1965 et
194 1899 362 1986 pontificii
376 1903 411 1964 et
425 1899 534 1965 civilis
550 1899 633 1964 iuris
650 1899 762 1964 studio
779 1900 900 1987 loquar
916 1905 976 1965 aut
990 1901 1033 1965 de
1049 1901 1148 1967 huius

146 2000 187 2067 P.
204 2001 377 2088 Scipionis,
393 2001 452 2089 qui
469 2000 522 2067 his
539 2001 655 2089 paucis
671 2001 788 2067 diebus
805 2001 961 2088 pontifex
981 2002 1149 2068 maximus

145 2105 257 2170 factus
281 2105 355 2170 estl
398 2104 515 2192 Atque
540 2125 597 2170 eos
622 2125 747 2188 omnes,
767 2125 852 2193 quos
876 2106 1147 2188 commemoravi,

144 2207 198 2273 his
217 2206 337 2273 studiis
358 2208 543 2296 flagrantes
564 2227 659 2273 senes
676 2208 822 2274 vidimus
832 2229 841 2291 ;
866 2206 914 2272 M.
930 2228 1012 2273 vero
1030 2207 1149 2274 Cethe

145 2329 237 2397 gum,
253 2330 353 2397 quem
375 2314 466 2376 recte
488 2307 650 2376 “Suadae
670 2310 854 2376 medullam
862 2310 882 2343 ’'
901 2310 989 2375 dixit
1008 2309 1146 2394 Ennius,

105 2417 274 2500 aequante
296 2413 409 2479 studio
432 2414 579 2479 exerceri
601 2414 638 2478 in
661 2412 802 2479 dicendo
825 2412 1022 2479 videbamus
1044 2415 1148 2480 etiam

146 2516 278 2581 senem!
323 2515 417 2594 Quae
432 2520 511 2581 sunt
525 2516 632 2603 igitur
648 2515 824 2602 epularum
840 2520 900 2581 aut
917 2515 1075 2580 ludorum
1089 2520 1149 2582 aut

145 2623 334 2684 scortorum
358 2619 550 2705 voluptates
579 2639 657 2683 oum
681 2618 734 2683 his
759 2617 991 2705 voluptatibus
1019 2639 1149 2706 compa

64 2696 117 2831 ql,
145 2720 292 2786 randael
335 2719 451 2808 Atque
466 2719 549 2786 haee
566 2718 703 2807 quidem
720 2719 833 2785 studia
850 2719 1041 2802 doctrinee3
1063 2742 1150 2807 quae

146 2822 284 2908 quidem
308 2822 529 2908 prudentibus
554 2826 589 2887 et
614 2822 699 2887 bene
727 2820 893 2886 institutis
921 2820 1048 2907 pariter
1073 2843 1150 2886 cum

106 2942 138 2988 as
147 2926 260 2989 aetate
282 2928 444 3006 crescunt,
463 2929 503 2988 ut
524 2923 704 2989 honestum
726 2923 811 2987 illud
834 2922 967 2989 Solonis
987 2923 1041 3007 sit,
1059 2925 1150 3011 quod

147 3026 196 3091 ait
211 3024 376 3091 versiculo
391 3025 546 3112 quodam,
558 3029 597 3090 ut
611 3030 692 3090 ante
706 3025 787 3108 dixi,
802 3044 973 3091 senescere
989 3046 1025 3091 se
1041 3026 1151 3092 multa

146 3129 183 3192 in
200 3127 271 3194 dies
288 3127 525 3212 addiscentem,
541 3149 609 3216 qua
625 3127 801 3216 voluptate
823 3127 927 3193 animi
947 3128 1041 3194 nulla
1057 3134 1149 3196 certe

145 3235 259 3317 potest
273 3251 345 3296 esse
358 3230 474 3296 maior.

64 3349 68 3352 ·
188 3333 301 3400 Venio
318 3353 408 3399 nunc
425 3333 469 3400 ad
486 3334 678 3420 voluptates
695 3332 928 3421 agricolarum,
944 3333 1064 3421 quibus
1083 3324 1201 3423 eg015

107 3457 139 3505 ac
147 3435 389 3503 incredibiliter
404 3437 571 3521 delector3
593 3457 679 3525 quac
693 3457 755 3502 nec
771 3435 842 3501 ulla
858 3435 1089 3523 impediuntur
1102 3415 1194 3503 se-51

147 3543 283 3605 nectute
300 3544 335 3606 et
351 3539 437 3604 mihi
453 3541 498 3606 ad
517 3540 677 3627 sapientis
694 3540 802 3605 vitam
819 3539 973 3625 proxime
990 3540 1149 3606 videntur

148 3641 312 3710 accedere.
359 3643 499 3710 Habent
527 3644 618 3709 enim
645 3642 813 3709 rationem
838 3663 915 3707 oum
939 3647 1039 3727 terra,
1062 3663 1148 3728 quae
