2684 4186
186 320 228 383 54
465 315 627 370 nannius
648 314 701 369 on
722 314 909 370 1111111111,

184 467 282 534 sociis
304 489 403 534 nemo
423 467 602 556 quicquam
623 467 692 533 tale
713 471 863 533 conatur.
908 465 1191 554 Praecipiendum

184 575 235 636 est
256 571 363 658 igitur
384 571 490 654 bonis
509 575 557 654 ut,
577 571 604 635 si
626 571 663 634 in
685 569 869 635 eiusmodi
891 569 1056 635 amicitias
1077 570 1190 658 ignari

184 693 262 739 casu
280 674 392 760 aliquo
409 672 599 756 inciderint,
615 693 658 738 111
675 672 869 738 existiment
891 671 941 737 ita
962 692 997 738 se
1019 671 1188 759 alligatos,

123 859 126 868 .
183 780 223 840 ut
240 776 283 841 ab
301 776 417 842 amieis
433 775 470 839 in
487 795 613 862 magna
633 775 747 862 aliqua
763 795 800 840 re
816 773 952 860 publica
972 774 1188 860 peccantibus

183 899 253 944 non
270 878 462 962 discedant,
487 877 639 965 inprobis
661 882 777 942 autem
796 896 906 965 poena
927 877 1108 943 statuenda
1126 882 1186 962 est,
1215 896 1231 941 s

183 1002 245 1047 nec
259 1002 339 1048 vero
353 981 465 1046 minor
478 980 528 1063 iis,
540 980 597 1066 qui
612 980 718 1046 secuti
735 983 834 1045 erunt
852 978 1007 1062 alterum,
1019 999 1123 1066 quam
1135 980 1187 1063 iis,

183 1085 241 1172 qui
265 1085 331 1172 ipsi
358 1083 487 1152 fuerint
515 1082 700 1170 impietatis
728 1082 837 1147 duces.
891 1081 975 1160 Quis
1004 1081 1127 1148 clarior
1150 1083 1188 1146 111

184 1186 327 1253 Graecia
348 1185 583 1269 Themistocle,
598 1184 672 1271 quis
689 1184 882 1271 potentiori
908 1185 966 1272 qui
987 1204 1065 1251 cum
1085 1185 1188 1271 impe

182 1292 277 1354 rator
300 1288 390 1354 bello
416 1286 552 1353 Persico
582 1286 745 1352 servitute
771 1285 949 1353 Graeciam
976 1287 1188 1354 liberavisset

182 1396 387 1479 propterque
401 1387 564 1455 invidiam
577 1389 614 1454 in
628 1388 784 1454 exsilium
798 1389 955 1476 expulsus
969 1393 1066 1474 esset,
1077 1389 1188 1478 ingra
1199 1405 1232 1453 ro

182 1497 239 1558 111
252 1481 383 1580 patriae
396 1491 554 1558 iniuriam
568 1511 637 1556 non
647 1490 738 1574 tulit,
747 1511 849 1577 quam
863 1491 952 1558 ferre
966 1492 1092 1577 debuit,
1103 1493 1188 1559 iecit

182 1595 281 1679 idem,
292 1596 382 1683 quod
392 1616 439 1660 xx
453 1594 550 1660 annis
564 1599 643 1660 ante
657 1594 748 1682 apud
762 1614 823 1659 nos
837 1593 967 1660 iecerat
978 1595 1186 1663 Coriolanus.

182 1698 248 1764 His
259 1699 395 1765 adiutor
408 1702 527 1764 contra
540 1696 686 1786 patriam
699 1697 857 1763 inventus
872 1702 923 1763 est
937 1718 1054 1782 nemo;
1071 1698 1188 1788 itaque

135 1817 173 1872 43
183 1807 328 1868 mortem
345 1802 409 1868 sibi
425 1807 567 1889 uterque
588 1799 760 1867 conscivit.
806 1799 918 1878 Quare
935 1800 1014 1866 talis
1032 1801 1189 1888 inprobo

183 1926 259 1970 rum
267 1905 440 1971 consensio
449 1925 518 1970 non
526 1901 628 1969 modo
639 1901 853 1969 excusatione
864 1902 1032 1969 amicitiae
1039 1904 1231 1992 tegendam

183 2028 253 2073 non
270 2012 331 2091 est,
347 2007 405 2073 sed
423 2007 537 2093 potius
558 2005 722 2092 supplicio
740 2005 833 2070 omni
850 2005 1053 2072 vindicanda
1071 2011 1131 2090 est,
1146 2013 1189 2073 ut

183 2110 318 2197 nequis
339 2129 533 2175 concessum
553 2112 653 2195 putet
675 2107 821 2173 amicum
837 2107 893 2174 vel
909 2108 1037 2173 bellum
1057 2109 1190 2196 patriae

183 2211 386 2277 inferentem
400 2210 510 2298 sequi3
528 2206 618 2297 quod
628 2204 774 2295 quidem,
783 2213 822 2276 ut
833 2230 887 2276 res
900 2209 950 2276 ire
964 2210 1084 2298 coepit,
1095 2210 1191 2279 haud

183 2313 252 2379 scio
263 2333 307 2377 an
321 2312 501 2399 aliquando
515 2311 669 2376 futurum
683 2311 737 2376 sit.
774 2310 862 2376 Mihi
872 2317 987 2378 autem
1000 2333 1069 2379 non
1083 2313 1191 2382 mino

183 2415 214 2479 ri
236 2434 335 2480 curae
357 2423 417 2497 est,
439 2413 546 2501 qualis
569 2434 622 2479 res
647 2413 783 2501 publica
807 2418 885 2502 post
908 2418 1054 2482 mortem
1075 2429 1234 2484 meamao

183 2516 309 2599 futura,
321 2536 423 2604 quam
437 2516 544 2604 qualis
558 2515 659 2582 hodie
673 2516 726 2582 sit.

130 2595 173 2663 1³
227 2619 323 2685 Haec
345 2620 451 2708 igitur
473 2619 584 2706 prima
607 2619 663 2685 lex
689 2619 857 2685 amicitiae
882 2621 1061 2706 sanciatur,
1081 2627 1121 2688 ut
1143 2624 1190 2691 ub

135 2687 173 2738 44
183 2723 299 2790 amicis
313 2723 455 2789 honesta
468 2727 631 2811 petamus,
644 2722 829 2788 amicorum
843 2743 943 2788 causa
953 2723 1096 2792 honesta
1108 2725 1190 2793 faci-

183 2848 287 2910 amus,
297 2847 340 2892 ne
351 2831 581 2913 exspectemus
592 2825 738 2914 quidem,
749 2825 830 2889 dum
844 2845 1003 2913 rogemur
1011 2849 1020 2910 ;
1037 2828 1190 2896 studium

183 2951 315 3018 semper
340 2930 439 3014 adsit,
463 2930 634 2995 cunctatio
661 2929 770 3012 absit3
801 2928 978 2994 eonsilium
1000 2950 1081 2997 vero
1106 2931 1234 3001 (1111111

183 3033 364 3098 audeamus
389 3032 501 3098 libere.
550 3031 740 3097 Plurimum
765 3031 802 3095 in
827 3030 977 3097 amicitia
1001 3032 1189 3102 amicorum

183 3135 268 3201 bene
286 3133 500 3200 suadentium
516 3133 629 3200 valeat
646 3133 840 3215 auctoritas,
856 3153 961 3220 eaque
980 3138 1015 3200 11
1032 3134 1190 3205 adhibea-

183 3244 240 3302 tur
254 3237 298 3302 ad
311 3235 515 3301 monendum
530 3256 600 3301 non
610 3234 712 3300 modo
726 3239 850 3322 aperte,
863 3236 922 3300 sed
936 3236 1040 3303 etiam
1053 3238 1188 3326 acriter,

135 3352 172 3404 45
183 3339 211 3405 si
226 3359 279 3403 res
292 3337 488 3425 postulabit,
501 3342 536 3402 et
551 3336 722 3402 adhibitae
735 3342 902 3424 pareatur.
947 3338 1041 3405 Nam
1055 3340 1190 3429 quibus

183 3441 273 3523 dam,
281 3460 364 3527 quos
376 3439 477 3504 audio
488 3439 654 3526 sapientes
668 3438 802 3504 habitos
813 3439 850 3504 in
862 3439 1013 3525 Graecia,
1023 3441 1235 3530 placuissem

183 3543 304 3631 opinor
321 3541 489 3607 mirabilia
503 3541 667 3629 quaedam
685 3540 756 3626 (sed
772 3541 860 3608 nihil
874 3547 934 3626 est,
947 3544 1038 3631 quod
1051 3545 1102 3610 illi
1115 3566 1191 3617 non

182 3647 427 3737 persequantur
443 3644 617 3732 argutiis):
639 3644 764 3731 partim
782 3644 961 3731 fugiendas
976 3667 1046 3715 esse
1062 3648 1190 3719 nimias
