2684 4186
172 321 193 388 8
384 316 484 371 CATO
506 315 631 370 MAIOR
651 316 705 369 DE
728 313 956 370 ennuchum

171 469 316 561 clinaret
328 469 372 535 ad
388 488 507 557 paoem
522 489 600 534 oum
616 466 752 555 Pyrrho
769 465 954 554 foedusque
970 463 1172 549 iaciendum,

166 559 240 639 ion
257 572 426 639 dubitavit
440 572 550 638 dieere
566 571 635 655 illa,
647 591 735 660 quae
748 570 898 637 versibus
911 572 1105 656 persecutus
1122 573 1173 635 est

117 698 123 712 ·
171 674 319 740 Ennius:

333 793 396 860 Quo
410 793 487 846 vobis
500 797 611 856 mentes,
625 797 714 845 rectae
727 806 798 858 quae
811 798 881 843 stare
894 790 1016 843 solebant

332 876 465 938 Antehac,
480 875 619 928 dementes
632 889 690 928 sese
703 874 802 927 flexere
815 873 886 926 viai?
1181 872 1197 918 ὅ

170 979 348 1063 ceteraque
361 975 578 1062 gravissime3
600 978 721 1039 notum
737 973 829 1039 enim
841 972 937 1038 vobis
953 992 1088 1037 carmen
1101 976 1171 1056 est3

169 1082 205 1143 et
221 1082 338 1144 tamen
358 1077 463 1164 ipsius
479 1076 573 1164 Appi
587 1079 699 1142 exstat
713 1074 833 1140 oratio.
877 1074 994 1162 Atque
1010 1073 1094 1140 haee
1114 1074 1173 1141 ille

169 1179 241 1267 egit
262 1180 406 1268 septimo
428 1178 558 1245 decimo
579 1197 670 1243 anno
686 1182 764 1265 post
782 1177 929 1242 alterum
949 1176 1170 1261 consulatum,

169 1302 247 1347 oum
267 1281 357 1348 inter
378 1280 462 1346 duos
483 1279 676 1347 consulatus
699 1279 780 1345 anni
802 1279 918 1346 decem
938 1279 1171 1346 interfuissent

169 1404 352 1471 censorque
380 1387 460 1448 ante
488 1382 695 1469 superiorem
722 1381 934 1449 consulatum
961 1381 1100 1465 fuisset3
1129 1397 1214 1448 exto

169 1505 237 1573 quo
251 1485 462 1572 intellegitur
475 1484 603 1571 Pyrrhi
617 1484 706 1550 bello
720 1484 885 1572 grandem
899 1505 979 1551 sane
992 1484 1114 1568 fuisse;
1136 1491 1171 1551 et

123 1586 536 1673 litamensicapatribus
546 1586 743 1674 aooepimus.
775 1586 875 1653 Nihil
885 1587 991 1676 igitur
1001 1587 1170 1671 adierunt,

169 1688 228 1777 qui
243 1688 282 1753 in
297 1710 335 1756 re
348 1689 502 1778 gerunda
515 1690 640 1757 versari
658 1694 867 1757 senectutem
883 1695 1020 1779 negant,
1036 1689 1172 1756 similes

169 1811 235 1878 que
257 1796 345 1876 sunt,
360 1797 400 1858 ut
416 1792 445 1858 si
463 1793 521 1882 qui
538 1793 802 1881 gubernatorem
818 1793 855 1858 in
870 1793 1064 1881 navigando
1085 1791 1172 1858 nihil

169 1914 269 1982 agere
290 1896 415 1980 dicant,
430 1917 508 1962 oum
528 1897 588 1964 alii
608 1897 715 1964 malos
737 1896 910 1980 scandant,
925 1895 984 1963 alii
1000 1916 1062 1983 per
1078 1895 1171 1961 foros
1181 1912 1212 1959 15

169 2003 312 2082 cursant,
328 1999 387 2066 alii
408 2001 576 2066 sentinam
597 2000 809 2082 exhauriant,
824 1999 882 2064 ino
902 2002 1017 2064 autem
1038 1998 1172 2065 olavum

168 2103 287 2165 tenens
304 2101 437 2187 quietus
454 2101 567 2167 sedeat
581 2101 618 2165 in
631 2102 747 2188 puppi,
759 2121 829 2166 non
842 2099 947 2165 faeiat
961 2119 1010 2181 ea,
1022 2119 1108 2185 quae
1124 2100 1171 2164 iu·

168 2220 279 2282 venes,
295 2206 332 2267 at
348 2223 429 2268 vero
446 2202 555 2268 multo
572 2202 702 2268 maiora
723 2207 758 2268 et
774 2201 915 2267 meliora
931 2199 1044 2266 faciat.
1089 2199 1170 2266 Non

168 2302 297 2367 viribus
325 2308 384 2368 aut
414 2304 594 2371 velocitate
622 2308 682 2369 aut
710 2303 883 2368 celeritate
910 2322 1090 2389 corporum
1117 2321 1171 2367 res

168 2424 313 2490 magnae
330 2409 503 2492 geruntur,
519 2405 578 2471 sed
592 2405 741 2488 oonsilio,
757 2402 968 2487 auctoritate,
984 2403 1152 2471 sententia
1162 2427 1170 2488 ;
1180 2423 1213 2472 ao

169 2506 290 2594 quibus
306 2527 377 2572 non
390 2507 492 2574 modo
509 2527 579 2573 non
596 2507 717 2590 orbari,
733 2507 792 2573 sed
809 2506 914 2573 etiam
929 2507 1046 2596 augeri
1063 2528 1172 2574 senec

124 2612 225 2673 18tus
235 2608 330 2674 solet.
360 2608 438 2676 Nisi
448 2609 539 2676 forte
549 2630 614 2698 ego
624 2610 730 2694 vobis,
740 2610 799 2699 qui
813 2614 849 2676 et
858 2609 1005 2678 miles'et
1015 2610 1172 2677 tribunus

169 2715 204 2776 et
218 2710 350 2800 legatus
368 2716 402 2779 et
416 2712 533 2778 consul
547 2717 699 2780 versatus
717 2733 792 2778 sum
808 2712 845 2777 in
858 2714 954 2778 vario
968 2733 1091 2800 genere
1105 2713 1172 2779 bel-

169 2812 289 2896 lorum,
307 2834 435 2881 cessare
456 2834 546 2880 nuno
567 2814 693 2899 videor,
712 2835 790 2880 cum
809 2814 900 2882 bella
921 2835 992 2881 non
1011 2836 1113 2903 ger03
1135 2820 1171 2882 at

169 2916 310 3000 senatui,
325 2937 412 3004 quae
432 2917 501 2984 sint
517 2916 674 3005 gerenda,
689 2917 890 3006 praescribo,
906 2923 941 2984 et
962 2939 1029 3007 quo
1050 2918 1153 2985 modo
1163 2939 1171 3001 ;
1182 2939 1212 2986 aa

169 3017 376 3106 Karthagini
389 3021 479 3087 male
491 3020 561 3086 iam
575 3021 634 3086 diu
648 3021 814 3107 cogitanti
828 3021 955 3087 bellum
968 3021 1078 3088 multo
1092 3025 1173 3087 ante

170 3119 353 3203 denunti03
383 3120 425 3186 de
450 3141 519 3209 qua
542 3122 650 3188 vereri
679 3143 748 3187 non
777 3126 857 3188 ante
886 3121 1046 3204 desinam,
1069 3143 1172 3209 quam

125 3220 264 3288 leillam
289 3220 435 3286 excisam
460 3241 531 3287 esse
555 3243 754 3308 cognovero.
800 3222 911 3301 Quam
935 3223 1085 3308 palmam
1109 3222 1173 3287 uti-

169 3343 251 3388 nam
271 3321 307 3386 di
332 3322 537 3405 inmortales,
558 3323 679 3410 Scipio,
697 3323 762 3387 tibi
786 3327 966 3406 reservent,
984 3328 1024 3389 ut
1046 3323 1102 3391 avi
1124 3344 1173 3389 re-

170 3424 291 3512 liquias
311 3425 530 3513 persequare!
553 3424 646 3490 cuius
667 3444 689 3490 a
709 3428 820 3491 morte
840 3424 960 3490 tertius
981 3423 1038 3491 hic
1059 3429 1094 3491 et
1115 3425 1215 3492 tri-ao

171 3526 312 3593 cesimus
337 3547 445 3594 annus
469 3531 530 3611 est,
548 3526 607 3593 sed
628 3526 828 3592 memoriam
851 3526 941 3592 illins
966 3527 1032 3593 viri
1057 3549 1173 3595 omnes

171 3629 339 3718 excipient
349 3631 429 3698 anni
441 3634 691 3720 consequentes.
720 3627 825 3697 Anno
839 3634 919 3698 ante
932 3650 987 3699 me
1001 3650 1174 3698 censorem
