2684 4186
499 331 581 389 car.
597 333 693 400 15‚1o.
728 334 848 403 saaca
1136 339 1178 403 59

171 487 382 574 respondeat,
401 486 548 570 tertiam,
566 491 616 570 ut,
631 485 750 572 quanti
771 486 911 574 quisque
932 507 967 552 se
989 487 1061 575 ipse
1082 487 1176 571 facit,

170 589 262 654 tanti
276 589 339 655 fiat
350 589 393 654 ab
404 588 530 655 amicis.
568 587 702 654 Harum
715 588 820 652 trium
834 589 1078 655 sententiarum
1092 591 1177 656 nulii
1186 600 1225 661 51

171 712 308 778 prorsus
325 691 505 757 adsentior.
550 691 624 757 Nec
641 691 732 756 enim
748 690 809 755 illa
825 692 936 778 prima
952 712 1032 758 vera
1051 698 1111 776 est,
1126 700 1176 777 ut,

171 815 274 882 quem
295 794 339 860 ad
361 793 501 859 modum
517 793 555 858 in
571 814 607 860 se
624 793 764 881 quisque
780 793 835 876 sit,
851 793 899 858 sic
916 795 953 858 in
970 795 1116 859 amicum
1132 797 1177 862 sit

147 915 162 960 c
172 897 350 964 animatus.
390 895 501 974 Quam
511 896 621 963 multa
635 896 735 978 enim,
744 916 830 984 quae
840 905 957 961 nostra
971 917 1071 961 causa
1084 918 1177 962 num-

171 1019 275 1086 quam
288 999 484 1081 faceremus,
496 998 639 1067 facimus
653 1017 754 1063 causa
767 998 969 1064 amicorum!
990 999 1118 1084 precari
1133 1001 1177 1066 ab

170 1101 322 1189 indign0,
342 1101 539 1189 supplicare,
559 1105 635 1167 tum
657 1099 809 1168 acerbius
833 1100 871 1165 in
892 1100 1039 1189 aliquem
1061 1101 1177 1167 invehi

170 1203 394 1292 insectarique
415 1203 657 1286 vehementius,
676 1223 763 1291 quae
783 1202 821 1266 in
841 1202 966 1268 nostris
987 1202 1086 1268 rebus
1107 1223 1177 1268 non

169 1306 251 1373 satis
261 1306 411 1392 honeste,
421 1306 458 1371 in
469 1306 655 1372 amicorum
665 1307 755 1371 fiunt
769 1304 1003 1371 honestissime
1012 1328 1021 1389 ;
1037 1305 1177 1372 multae

61 1403 64 1407 ’
130 1422 234 1497 loque
257 1430 311 1475 res
333 1414 421 1492 sunt,
441 1409 479 1475 in
500 1409 621 1497 quibus
644 1408 687 1475 de
708 1408 777 1474 suis
799 1407 984 1474 commodis
1006 1408 1072 1473 viri
1094 1408 1176 1475 boni

168 1512 279 1578 multa
302 1511 485 1578 detrahunt
509 1511 709 1598 detrahique
736 1510 922 1597 patiuntur,
944 1515 984 1576 ut
1009 1511 1051 1577 iis
1075 1511 1175 1577 amici

168 1617 282 1704 potius
296 1637 398 1704 quam
412 1615 477 1703 ipsi
491 1616 658 1682 fruantur.
698 1616 820 1681 Altera
833 1620 1003 1681 sententia
1016 1621 1077 1700 est,
1088 1637 1175 1703 quae
1184 1633 1222 1686 58

169 1718 290 1784 definit
301 1719 485 1784 amicitiam
495 1718 631 1804 paribus
642 1717 761 1783 officiis
772 1738 811 1782 ac
822 1718 1061 1783 voluntatibua
1097 1719 1176 1785 Hoc
1214 1735 1218 1743 ‘

169 1819 307 1907 quidem
320 1826 371 1884 est
386 1819 487 1884 nimis
501 1819 623 1907 exigue
637 1824 673 1885 et
688 1819 820 1884 exiliter
835 1819 878 1884 ad
896 1819 1040 1885 calculos
1055 1840 1175 1886 vocare

132 1920 363 2003 aamicitiam,
383 1926 423 1986 ut
446 1941 508 2008 par
530 1921 575 1987 sit
599 1921 688 2001 ratio
712 1925 928 2007 acceptorum
950 1930 985 1985 et
1007 1921 1173 1987 datorum

169 2023 320 2089 Divitior
333 2023 418 2088 mihi
433 2029 468 2089 et
485 2023 676 2089 affluentior
690 2023 825 2089 videtur
842 2043 913 2088 esse
927 2042 1009 2089 vera
1025 2023 1176 2090 amicitia

169 2146 231 2192 nec
241 2125 418 2192 observare
431 2126 594 2210 restricte,
603 2147 647 2193 ne
656 2126 733 2214 plus
743 2126 864 2192 reddat
874 2146 978 2214 quam
992 2126 1174 2213 acceperit3

168 2249 277 2317 neque
302 2229 392 2295 enim
418 2229 602 2296 verendum
627 2234 688 2313 est,
709 2249 753 2294 ne
775 2229 858 2317 quid
882 2228 1025 2311 excidat,
1046 2232 1106 2294 aut
1131 2248 1174 2294 nc

167 2332 251 2419 quid
263 2332 301 2396 in
314 2338 441 2400 terram
454 2331 590 2416 defluat,
603 2337 663 2399 aut
678 2353 721 2399 ne
735 2333 811 2420 plus
825 2352 933 2419 aequo
948 2331 1030 2419 quid
1044 2331 1081 2395 in
1094 2332 1175 2397 ami-

127 2449 160 2496 ao
168 2435 284 2500 citiam
297 2440 509 2523 congeratur.
547 2435 680 2502 Tertius
691 2456 772 2502 vero
786 2435 844 2501 ille
858 2435 937 2509 finis
952 2431 1221 2520 deterrumus,59

167 2541 216 2619 ut,
231 2537 350 2625 quanti
367 2538 509 2625 quisque
526 2558 562 2603 se
578 2538 650 2625 ipse
666 2538 781 2620 iaciat,
796 2537 886 2603 tanti
903 2537 966 2612 fiat
983 2536 1028 2606 ah
1045 2538 1172 2605 amicis.

169 2639 276 2727 Saepe
290 2640 382 2705 enirn
391 2640 428 2704 in
442 2640 642 2726 quibusdam
656 2646 716 2714 aut
730 2640 862 2706 animus
876 2639 1039 2714 abiectior-
1052 2645 1174 2716 estant

168 2761 244 2827 spes
258 2741 515 2828 amplificandae
532 2741 691 2813 fortunae
707 2741 857 2814 fractior.
901 2739 983 2813 Nun
1000 2747 1051 2811 est
1068 2742 1175 2827 igitur

169 2841 269 2907 amici
282 2842 387 2907 talem
400 2861 471 2907 esse
484 2841 521 2914 in
531 2861 619 2924 eum,
628 2842 737 2928 qualis
750 2841 808 2907 ille
822 2841 859 2905 in
869 2861 904 2906 se
915 2845 976 2923 est,
988 2841 1047 2909 sed
1061 2842 1175 2928 potius

129 2960 160 3007 25
169 2942 254 3010 eniti
275 2948 311 3008 et
333 2942 475 3025 efficere,
495 2947 534 3015 ut
557 2944 658 3016 amici
682 2944 849 3017 iacentem
873 2941 1025 3016 animum
1049 2943 1174 3012 excitet

169 3043 528 3132 inducatquer'saspem
538 3044 846 3133 cogitationemque
856 3043 1039 3119 meliorem.
1075 3045 1174 3114 Alius

168 3148 276 3236 igitur
291 3146 371 3214 finis
385 3167 484 3214 verae
500 3146 670 3222 amicitiae
686 3147 940 3214 constituendus
955 3151 1015 3231 est,
1027 3147 1056 3214 si
1070 3148 1173 3235 prius,

168 3251 251 3339 quid
268 3271 427 3322 maxume
443 3250 688 3338 reprehendere
711 3250 823 3339 Scipio
840 3250 959 3318 solitus
976 3251 1031 3335 sit,
1046 3251 1172 3318 dixero.

169 3354 328 3443 Negabat
342 3353 448 3420 uliam
461 3375 581 3420 vocem
598 3353 821 3420 inimiciorem
838 3353 1008 3420 amicitiae
1024 3355 1174 3441 potuisse

129 3472 161 3519 ao
168 3458 308 3544 reperiri
322 3478 424 3545 quam
438 3457 518 3541 eius,
531 3457 590 3545 qui
604 3457 744 3523 dixisset
761 3457 811 3523 ita
827 3477 941 3524 amare
958 3463 1122 3544 oportere,
1134 3463 1173 3522 ut

169 3558 198 3625 si
212 3559 391 3647 anquando
406 3563 493 3626 esset
507 3580 644 3643 osuurs3
661 3581 723 3626 nec
736 3581 818 3626 vero
832 3581 868 3626 se
881 3559 1003 3626 adduci
1016 3581 1123 3648 posse,
1134 3564 1174 3625 ut

170 3659 244 3745 hoc,
255 3683 358 3750 quem
371 3662 416 3735 ad
429 3662 570 3730 modurn
586 3667 772 3749 putaretur,
784 3681 806 3728 a
820 3661 943 3738 Biante
959 3682 1031 3739 esse
1045 3663 1175 3737 dictum
