2684 4186
174 329 219 392 44
455 321 616 378 1111111
637 321 690 376 un
711 321 897 377 11101111.

175 477 234 560 illi,
251 476 310 565 qui
326 475 410 541 haec
426 475 582 541 subtilius
600 473 777 557 disserunt,
792 473 937 539 fortasse
954 493 1042 557 vere,
1058 473 1118 540 sed
1134 474 1179 542 ad

174 599 388 646 communem
396 577 580 642 utilitatem
588 596 726 664 parum3
741 580 868 663 negant
877 576 967 642 enim
975 596 1180 665 quemquam

175 702 246 747 esse
262 672 373 747 virum
390 680 519 745 bonum
535 678 600 743 nisi
620 677 816 765 sapientem.
861 678 914 743 Sit
931 678 982 743 ita
998 699 1097 762 sane,
1119 679 1179 746 sed

175 804 250 850 eam
267 782 468 871 sapientiam
484 781 760 868 interpretantur,
776 799 878 867 quam
898 779 1008 846 adhuc
1024 781 1179 848 mortalis

174 906 274 953 nemo
291 891 342 952 est
360 887 567 967 consecutus,
583 903 645 948 101
664 893 779 948 autem
797 903 845 966 ea,
861 902 947 969 quae
966 883 1099 948 suntin
1114 905 1178 950 usu
1205 909 1220 955 1

174 989 311 1076 uitaque
331 985 511 1069 communi,
527 1005 597 1050 non
614 1005 663 1068 ea,
678 1005 766 1073 quae
787 984 966 1072 finguntur
983 989 1043 1051 aut
1062 989 1179 1073 optan-

173 1096 240 1174 tur,
255 1094 406 1178 speotare
416 1088 590 1154 debemus.
635 1086 832 1176 Numquam
854 1107 918 1174 ego
936 1086 1047 1153 dicam
1064 1087 1101 1154 Ο.
1118 1088 1179 1155 Fa

174 1193 325 1275 bricium,
341 1191 399 1257 Μ’.
413 1191 562 1273 Curium,
578 1189 629 1255 Ti.
641 1189 900 1273 Coruncanium,
912 1210 996 1278 quos
1010 1191 1179 1278 sapientes

174 1299 281 1364 nostri
299 1297 443 1362 maiores
459 1295 664 1379 iudicabant,
680 1295 724 1360 ad
742 1295 884 1361 istorum
902 1316 1057 1361 normam
1074 1295 1179 1364 fuisse

173 1400 349 1487 sapientes.
388 1399 500 1486 Quare
511 1397 575 1462 sibi
588 1397 736 1462 habeant
751 1397 935 1484 sapientiae
949 1417 1073 1464 nomen
1084 1402 1119 1464 et
1129 1399 1179 1464 in·
1188 1415 1220 1463 10

173 1501 340 1567 uidiosum
355 1504 390 1566 et
404 1499 591 1583 obscurum,
604 1499 798 1582 concedant,
810 1505 849 1565 ut
863 1500 930 1565 viri
943 1499 1024 1564 boni
1039 1499 1176 1567 fuerint.

173 1601 228 1668 Ne
241 1603 278 1667 id
292 1603 429 1690 quidem
445 1600 581 1684 facient,
597 1601 771 1688 negabunt
786 1602 822 1666 id
835 1601 899 1667 nisi
918 1601 1063 1689 sapienti
1079 1621 1179 1688 posse

74 1741 76 1744 -
127 1705 319 1771 1900100111.
366 1703 520 1792 Agamus
545 1704 652 1792 igitur
675 1705 804 1792 pingui,
823 1709 862 1770 ut
885 1705 991 1788 aiunt,
1010 1695 1177 1772 Minerva.

173 1807 241 1886 Qui
254 1808 304 1873 ita
318 1828 354 1874 se
369 1810 502 1895 gerunt,
514 1807 565 1872 ita
578 1807 708 1890 vivunt,
719 1813 759 1873 ut
774 1828 891 1874 eorum
904 1807 1067 1895 probetur
1081 1805 1177 1891 fides,

171 1911 360 1999 integritas,
386 1910 548 1998 aequitas,
575 1909 769 1992 liberalitas
795 1929 857 1975 nec
885 1909 930 1974 sit
962 1909 999 1974 in
1027 1908 1075 1974 eis
1106 1908 1221 1976 ullam

171 2014 346 2102 cupiditas,
367 2013 482 2095 libido,
503 2012 652 2095 audacia,
672 2012 807 2100 sintque
827 2031 953 2098 magna
975 2011 1178 2096 constantia,

170 2119 210 2179 ut
229 2116 254 2179 ii
276 2116 424 2197 fuerunt,
439 2114 541 2179 modo
563 2133 647 2201 quos
668 2114 850 2195 nominavi,
865 2113 928 2179 hos
947 2113 1038 2179 uiros
1059 2114 1178 2199 bonos,

170 2220 210 2281 ut
232 2216 342 2281 habiti
364 2219 452 2297 sunt,
473 2215 521 2281 sic
543 2215 647 2280 etiam
671 2214 890 2302 appellandos
912 2218 1078 2300 putemuS,
1097 2217 1180 2303 quia

171 2322 362 2405 sequantur,
381 2320 547 2405 quantum
567 2315 721 2382 homines
742 2320 891 2404 possunt,
912 2320 1069 2382 naturam
1090 2319 1180 2406 opti-

169 2440 263 2485 mam
279 2419 365 2485 bene
379 2418 516 2485 uiuendi
531 2417 659 2483 ducem.
706 2419 762 2484 Sic
778 2419 869 2484 euim
885 2418 971 2483 mihi
988 2419 1227 2507 perspicerem

169 2521 296 2604 videor,
308 2521 358 2587 ita
368 2524 466 2586 natos
481 2540 552 2586 esse
566 2539 637 2603 nos,
649 2524 688 2586 ut
699 2520 789 2586 inter
803 2542 918 2587 omnes
933 2525 1019 2587 esset
1034 2522 1178 2591 societas

170 2623 344 2712 quaedam,
362 2623 471 2689 maior
492 2626 615 2706 autem,
633 2626 673 2688 ut
695 2622 836 2710 quisque
857 2643 1021 2709 proxume
1043 2625 1180 2703 accede,

169 2731 231 2794 ret.
276 2725 397 2814 Itaque
411 2725 500 2792 ciues
517 2724 665 2812 potiores
680 2745 783 2813 quam
799 2725 977 2813 peregrini,
992 2726 1176 2816 propinqui

169 2851 272 2918 quam
296 2828 419 2912 alieni3
448 2849 526 2894 cum
549 2827 603 2893 his
628 2828 719 2893 enim
744 2827 929 2893 amicitiam
954 2831 1077 2894 natura
1100 2829 1177 2917 ipsa

168 2933 321 3021 peperit3
347 2932 464 2998 sedea
481 2931 650 2996 nonsatis
669 2929 772 2996 habet
790 2929 971 2996 firmitatis.
1016 2930 1221 3020 Namqueat

168 3036 234 3102 hoc
244 3039 393 3124 praestat
404 3034 554 3100 amicitia
563 3033 820 3122 propinquitati,
829 3031 919 3121 quod
930 3054 972 3100 01
982 3033 1177 3123 propinqui-

169 3141 241 3203 tate
258 3136 487 3202 benivolentia
503 3136 579 3200 tolli
596 3140 720 3223 potest,
732 3156 775 3202 01
789 3135 939 3202 amicitia
955 3156 1026 3201 non
1041 3140 1176 3224 potest3

169 3238 303 3304 sublata
325 3238 416 3303 enirn
437 3237 666 3302 benivolentia
690 3238 859 3303 amicitiae
884 3258 1009 3304 nomen
1029 3238 1175 3325 tollitur,

124 3338 431 3428 aopropinquitatis
456 3343 580 3403 manet.
627 3338 764 3416 Quanta
789 3343 903 3406 autem
928 3340 980 3407 vis
1005 3340 1177 3409 amicitiae

169 3443 223 3524 sit,
239 3462 281 3506 ex
298 3440 363 3506 hoe
384 3438 538 3526 intellegi
559 3440 707 3506 maxime
728 3444 850 3527 potest,
866 3442 958 3528 quod
977 3463 1019 3508 ex
1038 3442 1178 3511 infinita
1185 3465 1221 3515 10

169 3544 330 3610 societate
354 3543 488 3630 generis
513 3542 663 3626 humani,
683 3563 785 3630 quam
808 3544 1000 3610 conciliavit
1022 3545 1096 3631 ipsa
1117 3565 1177 3612 na

168 3652 257 3731 tura,
277 3646 327 3714 111
349 3648 523 3712 contracta
544 3665 598 3712 res
620 3648 673 3712 est
695 3649 731 3711 et
753 3644 899 3712 adducta
920 3646 957 3710 in
979 3649 1175 3734 angustum,
