2684 4186
179 342 221 404 26
393 337 493 392 CATO
515 336 640 391 MAIOR
661 337 713 391 Du
736 336 967 394 suanorum

179 493 354 556 teneamus
374 509 480 577 usque
500 488 545 555 ad
563 487 723 555 ultimum
743 493 877 578 tempus
898 488 1089 557 senectutis
1134 488 1183 557 Μ.

179 593 316 681 quidem
324 592 501 659 Valerium
512 592 698 659 Corvinum
711 593 899 681 accepimus
910 593 955 659 ad
965 593 1186 660 centesimum

178 717 306 762 annum
319 696 524 785 perduxisse,
535 715 614 761 oum
628 699 715 762 esset
731 699 809 762 acta
825 696 895 761 iam
911 700 1025 762 aetate
1041 696 1079 760 in
1092 696 1186 784 agris

178 819 301 888 eosque
325 799 470 882 coleret3
495 798 589 864 cuius
611 798 702 864 inter
723 797 872 886 primum
894 801 930 864 et
953 803 1087 864 sextum
1108 819 1186 864 con-
1222 812 1226 819 ’

177 901 326 968 sulatum
347 921 406 968 sex
427 905 462 967 et
484 901 712 990 quadraginta
733 901 814 966 anni
834 900 1072 968 interfuerunt.
1117 899 1184 985 Ita,
1212 925 1229 971 s

177 1009 343 1092 quantum
359 1002 507 1090 spatium
522 1003 643 1069 aetatis
660 1003 804 1069 maiores
821 1003 929 1069 nostri
944 1002 988 1068 ad
1002 1002 1186 1069 senectutis

176 1107 313 1173 initium
324 1126 395 1172 esse
405 1105 595 1190 voluerunt,
604 1104 782 1170 tantusilli
793 1125 908 1171 cursus
919 1104 1087 1171 honorum
1097 1104 1186 1190 fuit3

176 1213 279 1298 atque
298 1208 397 1274 huius
419 1212 571 1274 extrema
591 1211 684 1274 aetas
703 1207 769 1274 hoc
789 1208 922 1274 beatior
940 1228 1044 1296 quam
1061 1207 1185 1293 media,

177 1311 270 1399 quod
279 1309 490 1378 auctoritatis
501 1309 648 1376 habebat
659 1309 745 1397 plus,
754 1309 879 1376 laboris
889 1309 1017 1393 minus;
1034 1330 1121 1397 apex
1131 1315 1187 1377 est

130 1417 292 1479 olautem
302 1412 483 1479 senectutis
494 1412 686 1478 auctoritas.
721 1413 858 1491 Quanta
868 1412 1027 1478 fuitinL.
1037 1411 1228 1481 Caecilium

177 1515 328 1599 Metello,
340 1518 469 1602 quanta
485 1514 521 1578 in
538 1515 585 1579 A.
601 1514 712 1581 Atilio
730 1514 903 1581 Calatino!
926 1515 964 1580 in
980 1535 1082 1603 quem
1097 1515 1187 1582 illud

177 1617 344 1706 elogium:
368 1619 388 1653 “
400 1617 503 1682 Hunc
519 1637 626 1682 unum
642 1617 809 1704 plurimae
827 1617 1043 1684 consentiunt
1063 1622 1186 1706 gentes

175 1720 293 1808 populi
307 1719 506 1809 primarium
523 1720 627 1787 fuisse
642 1720 785 1788 virum.''
829 1719 962 1787 Notum
979 1724 1030 1786 est
1047 1740 1186 1787 carmen

176 1823 319 1889 incisum
334 1823 372 1887 in
388 1824 550 1910 sepulcre.
595 1823 675 1890 Iure
691 1823 799 1911 igitur
814 1823 938 1910 gravia,
950 1822 1044 1889 ouius
1057 1822 1100 1889 de
1115 1822 1186 1889 lan-

175 1925 274 1992 dibus
292 1926 444 1992 omnium
461 1930 549 1992 esset
565 1925 661 1992 fama
677 1926 899 1992 consentiens.
945 1925 1055 2003 Quem
1070 1924 1185 1992 virum
1195 1945 1228 1994 ιε

175 2049 283 2116 nuper
297 2028 336 2093 P.
347 2028 515 2111 Crassum,
525 2028 729 2094 Pontificem
740 2027 939 2110 Maximum,
950 2047 1051 2114 quem
1064 2031 1186 2114 postea

176 2130 224 2195 M.
245 2128 418 2217 Lepidum,
439 2130 559 2196 eodem
583 2129 772 2195 sacerdotio
794 2129 996 2215 praeditum,
1016 2128 1183 2196 vidimus!

176 2231 268 2310 Quid
282 2231 325 2296 de
342 2231 452 2298 Paulo
469 2235 528 2297 aut
544 2231 710 2298 Africano
727 2232 847 2320 loquar
863 2237 933 2314 aut,
949 2235 987 2296 ut
1005 2232 1075 2296 iam
1091 2236 1184 2317 ante,

175 2333 219 2399 de
243 2331 419 2398 Maximoi
448 2353 592 2421 quorum
620 2353 690 2398 non
718 2331 756 2398 in
785 2334 953 2399 sententia
981 2332 1100 2416 solum,
1123 2335 1185 2402 sed

176 2435 280 2502 etiam
301 2435 339 2499 in
357 2437 443 2499 nutu
464 2433 633 2500 residebat
654 2435 846 2502 auctoritas.
891 2435 1008 2502 Habet
1028 2440 1230 2505 senectusao

176 2537 343 2603 honorata
356 2535 555 2624 praesertim
568 2540 701 2602 tantam
715 2537 962 2622 auctoritatem,
971 2542 1011 2605 ut
1022 2559 1063 2604 ea
1075 2539 1185 2626 pluris

123 2612 220 2708 18sit
232 2661 334 2729 quam
344 2660 460 2707 omnes
470 2639 717 2707 adulescentiae
727 2640 929 2728 voluptates.
964 2642 1031 2708 Sed
1041 2641 1077 2706 in
1087 2643 1184 2709 omni

128 2704 166 2757 62
176 2745 329 2812 oratione
342 2747 550 2811 mementote
565 2763 640 2810 eam
650 2764 705 2810 me
721 2747 929 2811 senectutem
938 2743 1086 2827 laudare,
1095 2764 1184 2831 quae

76 2878 79 2887 ·
175 2847 406 2914 fundamentis
435 2846 682 2913 adulescentiae
711 2848 898 2914 constituta
926 2848 980 2913 sit.
1031 2847 1086 2912 Ex
1113 2867 1183 2935 quo

176 2951 329 3034 efficitur,
348 2951 385 3016 id
407 2950 498 3038 quod
519 2970 585 3038 ego
605 2970 732 3039 magno
754 2950 926 3039 quondam
947 2971 1025 3016 cum
1045 2968 1228 3017 assensum

176 3054 328 3120 omnium
348 3053 429 3135 dixi,
444 3053 604 3118 miseram
625 3073 697 3119 esse
717 3056 935 3135 senectutem,
951 3073 1038 3140 quae
1057 3070 1093 3119 se
1111 3072 1183 3119 ora

176 3155 269 3219 tione
283 3152 488 3220 defenderet.
533 3153 615 3219 Non
629 3155 705 3220 cani
719 3175 781 3220 nec
795 3174 900 3240 rugae
917 3158 1057 3240 repente
1070 3157 1183 3221 aucto

175 3256 313 3321 ritatem
338 3254 485 3341 arripere
509 3260 659 3340 possunt,
680 3255 739 3320 sed
763 3254 905 3320 honeste
929 3258 1007 3321 acta
1030 3255 1183 3342 superior

128 3374 166 3428 63
176 3361 269 3423 aetas
282 3355 413 3422 fruetus
427 3355 518 3442 capit
533 3356 744 3421 auctoritatis
758 3360 936 3422 extremos.
980 3355 1076 3422 Haec
1090 3357 1183 3424 enim
1298 3390 1301 3396 ·

175 3460 250 3548 ipsa
265 3463 344 3524 sunt
361 3457 583 3541 honorabilia,
596 3478 683 3545 quae
697 3458 856 3524 videntur
872 3458 962 3525 levia
978 3464 1080 3547 atque
1094 3481 1182 3525 oom-
1191 3481 1227 3531 ao

175 3562 300 3645 munia,
313 3560 461 3643 salutari,
477 3561 601 3647 adpeti,
615 3559 739 3645 decedi,
752 3560 898 3649 adsurgi,
910 3561 1040 3646 deduci,
1055 3563 1180 3647 reduci,

177 3665 323 3749 consuli3
349 3685 435 3753 quae
456 3667 491 3729 et
513 3663 602 3752 apud
625 3685 686 3730 nos
708 3668 743 3730 et
765 3663 802 3730 in
823 3664 898 3731 aliis
920 3665 1124 3750 civitatibuS,
1141 3670 1181 3732 ut
