2684 4186
57 414 59 418 .
178 346 221 410 30
391 341 492 398 CATO
514 341 639 397 MAIOR
659 340 713 395 Du
735 341 965 398 amorum.

178 513 243 582 que
257 491 485 561 adulescentes
498 492 584 558 mihi
593 492 681 558 mori
695 492 743 559 sic
753 491 921 578 videntur,
931 496 972 559 ut
983 513 1060 560 cum
1074 511 1187 581 aquae·

177 597 396 663 multitudine
412 597 570 663 flammae
585 595 637 662 vis
655 595 866 683 opprimitur,
881 615 976 662 senes
993 599 1109 663 aut‘em
1122 596 1181 680 sic,

176 702 217 764 ut
231 719 308 764 cum
322 719 382 765 sua
396 702 517 787 sponte
530 697 625 763 nulla
639 697 792 763 adhibita
805 696 840 763 vi
857 702 1075 786 consumptus
1091 698 1182 786 ignis

177 802 425 890 exstinguitur3
451 805 487 867 et
509 799 604 889 quasi
628 819 730 887 poma
755 819 798 866 ex
822 800 1006 884 arboribus,
1026 801 1130 867 cruda
1152 801 1182 867 si

177 909 266 987 sunt,
284 904 319 971 vi
341 904 542 988 avelluntur,
560 903 588 969 si
610 906 745 968 matura
765 907 800 968 et
821 907 927 985 cocta,
946 902 1115 986 decidunt,
1133 903 1182 970 sic
1208 925 1224 971 a

177 1006 286 1072 vitam
310 1006 579 1073 adulescentibus
603 1005 656 1072 vis
680 1004 802 1088 aufert,
824 1004 959 1071 senibus
983 1005 1181 1091 maturitas3

177 1127 263 1195 quae
284 1109 420 1196 quidem
440 1108 526 1172 mihi
547 1112 620 1173 tam
639 1105 787 1172 iucunda
807 1110 866 1190 est,
887 1110 935 1189 ut,
954 1127 1021 1194 quo
1043 1107 1182 1196 propius

177 1211 223 1276 ad
243 1216 389 1278 mortem
409 1210 574 1293 accedam,
590 1208 685 1297 quasi
705 1213 834 1275 terram
854 1208 970 1276 videre
987 1207 1104 1277 videar
1124 1211 1183 1276 ali-

178 1314 377 1401 quandoque
393 1312 431 1377 in
446 1316 585 1400 portum
602 1332 645 1378 ex
661 1311 765 1398 longa
781 1310 1000 1399 navigatione
1018 1332 1088 1378 esse
1104 1333 1184 1379 ven·

124 1381 283 1528 {gturus
329 1414 517 1481 Senectutis
538 1418 653 1481 autem
671 1413 784 1479 nullus
803 1417 855 1479 est
876 1418 986 1480 certus
1007 1413 1181 1501 terminus,
1194 1433 1227 1482 10

178 1521 334 1604 recteque
351 1516 389 1581 in
405 1536 446 1583 ea
458 1515 595 1600 vivitur,
608 1515 719 1604 quoad
736 1535 858 1581 munus
875 1515 977 1582 officii
994 1520 1130 1606 exsequi
1147 1522 1184 1585 et

178 1619 268 1685 tueri
284 1617 391 1707 possis
412 1620 637 1706 [mortemque
657 1621 907 1704 contemnere];
931 1639 973 1685 ex
990 1640 1057 1707 quo
1076 1621 1127 1704 fit,
1143 1625 1184 1687 ut

179 1720 362 1788 animosior
376 1721 480 1788 etiam
493 1725 645 1788 senectus
656 1721 701 1788 sit
712 1740 814 1810 quam
827 1720 1055 1788 adulescentia
1068 1726 1102 1789 et
1116 1721 1185 1789 for-

178 1822 255 1890 tior.
300 1823 378 1891 Hoc
391 1824 476 1891 illud
491 1829 551 1909 est,
563 1823 655 1913 quod
668 1823 848 1891 Pisistrato
862 1827 1010 1912 tyranno
1025 1845 1046 1890 a
1060 1824 1185 1894 Solone

179 1946 377 2015 responsum
393 1933 453 2012 est,
469 1948 546 1993 cum
563 1927 614 1993 illi
631 1927 815 2015 quaerenti,
831 1946 898 2015 qua
913 1926 1052 1994 tandem
1065 1948 1103 1994 re
1119 1927 1185 1995 ire
1195 1946 1226 1994 ιε

179 2032 236 2095 tus
253 2029 318 2096 sibi
333 2034 407 2096 tam
424 2028 595 2096 audaciter
612 2029 799 2111 obsisteret,
814 2029 1025 2116 respondisse
1041 2029 1184 2098 dicitur:

182 2133 201 2168 “
211 2131 423 2221 Senectute.''
468 2131 536 2197 Sed
552 2130 688 2196 vivendi
706 2132 757 2195 est
774 2129 852 2195 finis
869 2131 1026 2217 optimus,
1042 2151 1120 2196 oum
1136 2132 1187 2198 in·

178 2235 277 2319 tegra
290 2237 405 2299 mente
418 2232 583 2319 certisque
596 2229 747 2297 sensibus
761 2250 845 2316 opus
858 2229 932 2318 ipsa
942 2250 1041 2296 suum
1054 2233 1185 2320 eadem,

179 2353 265 2421 quae
286 2334 547 2422 coagmentavit,
567 2337 691 2399 natura
712 2332 877 2398 dissolvit.
921 2332 972 2399 Ut
993 2353 1124 2420 navem,
1142 2342 1186 2404 ut

179 2435 371 2502 aedificium
389 2434 480 2502 idem
497 2435 641 2502 destruit
660 2434 830 2519 facillime,
846 2434 904 2523 qui
921 2437 1120 2522 construxit,
1135 2439 1230 2507 sicco

178 2536 351 2604 hominem
376 2537 496 2604 eadem
520 2538 657 2626 optime,
677 2557 763 2625 quae
783 2537 1041 2626 conglutinavit,
1061 2544 1186 2610 natura

179 2640 342 2708 dissolvit.
387 2640 462 2707 Iam
478 2640 589 2708 omnis
610 2638 857 2728 conglutinatio
878 2661 993 2708 recens
1010 2663 1120 2731 aegre,
1135 2643 1185 2710 in-

178 2747 331 2811 veterata
344 2743 445 2812 facile
458 2743 640 2811 divellitur.
685 2742 743 2809 Ita
756 2743 807 2828 fit,
819 2747 859 2809 ut
872 2742 959 2809 illud
976 2745 1078 2812 breve
1091 2745 1184 2814 vitae
1274 2829 1280 2839 Ι

121 2837 126 2847 ’
177 2847 345 2936 reliquum
358 2868 421 2915 nec
430 2846 530 2914 avide
544 2845 772 2936 adpetendum
786 2845 919 2913 senibus
929 2866 992 2913 nec
1001 2847 1073 2914 sine
1083 2868 1185 2916 causa

132 2955 168 3016 73
179 2949 399 3018 deserendum
411 2949 474 3034 sit3
496 2953 658 3038 vetatque
671 2947 888 3038 Pythagoras
901 2948 1029 3016 iniussu
1043 2950 1183 3038 impera
1191 2973 1227 3023 au

178 3052 272 3136 toris,
281 3053 318 3118 id
328 3057 379 3120 est
389 3053 454 3136 dei,
464 3052 507 3119 de
519 3051 687 3139 praesidio
700 3056 736 3118 et
750 3052 897 3118 statione
906 3051 999 3118 vitae
1012 3052 1181 3121 decedere.

178 3153 311 3220 Solonis
334 3152 471 3240 quidem
493 3153 653 3241 sapientis
676 3151 826 3241 elogium
849 3156 909 3235 est,
930 3172 998 3240 quo
1019 3174 1056 3219 se
1077 3161 1183 3242 negat

176 3255 265 3322 velle
281 3274 379 3320 suam
395 3259 541 3320 mortem
557 3253 674 3320 dolore
695 3253 881 3319 amicorum
898 3257 933 3320 et
950 3253 1108 3322 lamentis
1125 3277 1182 3324 va

177 3376 263 3422 care.
307 3355 403 3439 Volt,
419 3355 528 3439 credo,
543 3376 579 3422 se
596 3375 667 3422 esse
685 3374 802 3421 carum
818 3354 906 3438 suis;
927 3355 987 3422 sed
1003 3355 1095 3425 haud
1111 3360 1181 3428 scio

176 3457 353 3527 anmelius
368 3457 515 3524 Ennius:
1188 3483 1225 3533 ao

325 3597 416 3737 Nemlc
428 3612 473 3652 me
485 3597 615 3654 lacrumis
628 3596 736 3653 decoret
748 3611 838 3669 neque
851 3596 950 3654 lunera
961 3599 1029 3656 fletu

415 3680 479 3739 axit.
