2714 4216
500 338 583 395 011.
599 339 688 395 ian.
724 341 845 410 suasa
1138 346 1181 418 57

174 492 388 559 constitutus.
435 492 501 560 Sed
519 492 637 558 eadem
655 491 789 559 bonitas
811 493 915 560 etiam
933 495 977 560 ad
993 497 1180 564 multitudi-

174 616 253 662 nem
269 597 427 684 pertinet.
472 596 508 662 N
508 616 554 662 on
568 596 660 661 enim
677 600 729 661 est
746 595 931 663 inhumana
944 598 1052 665 virtus
1070 621 1179 688 neque

173 697 322 764 inmunis
336 719 444 786 neque
458 699 611 787 superba,
624 719 710 787 quae
725 698 829 764 etiam
845 698 988 786 populos
1004 703 1178 770 universos

173 801 262 866 tueri
274 802 387 889 eisque
398 805 536 889 optume
550 801 722 866 consulere
733 801 857 884 soleat3
872 803 962 888 quod
973 823 1042 868 non
1052 803 1178 872 faceret

150 903 336 991 sproiecto,
349 904 377 969 si
392 924 413 969 a
427 904 568 969 caritate
582 903 678 991 vulgi
694 902 900 969 abhorreret.
945 904 1061 992 Atque
1076 906 1224 972 etiam51

172 1004 259 1070 mihi
280 1006 418 1092 quidem
438 1005 606 1088 videntur,
625 1005 683 1093 qui
705 1005 897 1071 utilitatum
921 1026 1022 1072 causa
1042 1008 1179 1096 fingunt

173 1107 349 1192 amicitias,
378 1107 657 1174 amabilissimum
687 1107 816 1174 nodum
848 1109 1018 1176 amicitiae
1049 1110 1177 1178 tollere.

173 1208 255 1275 Non
269 1212 358 1276 enim
373 1214 446 1276 tam
459 1210 591 1276 utilitas
607 1214 707 1298 parta
723 1230 785 1297 per
802 1211 948 1277 amicum
962 1232 1065 1300 quam
1079 1214 1180 1280 amici

172 1331 268 1378 amor
281 1313 352 1400 ipse
367 1313 522 1396 delectat,
531 1318 671 1401 tumque
685 1313 771 1378 illud
785 1313 836 1396 fit,
846 1314 938 1401 quod
949 1315 992 1380 ab
1003 1316 1113 1382 amico
1127 1321 1178 1384 est

133 1415 373 1501 1oprofeotum,
392 1415 585 1500 iucundum,
605 1416 634 1481 si
657 1437 735 1482 cum
757 1416 871 1482 studio
893 1421 946 1483 est
967 1418 1178 1506 proiectum3

171 1521 373 1607 tantumque
397 1519 502 1601 abest,
524 1523 564 1584 ut
589 1519 758 1584 amicitiae
786 1524 926 1607 propter
954 1520 1178 1609 indigentiam

172 1620 335 1704 colantur,
345 1626 385 1686 ut
396 1621 430 1704 ii,
440 1621 498 1707 qui
513 1621 633 1707 opibus
648 1626 683 1686 et
694 1621 799 1708 copiis
813 1621 1026 1709 maximeque
1039 1623 1177 1708 virtute,

172 1723 294 1810 inqua
314 1723 498 1811 plurimum
520 1725 571 1788 est
591 1723 759 1809 praesidii,
774 1723 914 1789 minime
935 1724 1073 1790 alterius
1095 1726 1179 1790 indi-

172 1830 285 1913 geant,
308 1823 531 1890 liberalissimi
557 1824 625 1888 sint
650 1829 684 1889 et
713 1824 1018 1890 beneficentissimi.
1063 1826 1179 1913 Atque
1209 1804 1255 1859 ’Ψ

133 1949 163 1996 11
172 1928 258 1993 haut
286 1927 390 1994 sciam
418 1947 463 1992 an
487 1947 530 1992 ne
555 1947 639 2014 opus
668 1926 712 1992 sit
737 1926 876 2013 quidem
903 1926 990 1992 nihil
1018 1949 1179 2016 umquam

172 2031 312 2097 omnino
326 2029 439 2096 deesse
452 2029 577 2095 amicis.
615 2028 684 2095 Ubi
696 2029 786 2094 enim
801 2029 913 2095 studia
926 2034 1044 2096 nostra
1058 2031 1180 2118 viguis-

172 2137 257 2217 sent,
279 2133 308 2199 si
333 2152 518 2220 numquam
546 2131 696 2215 consilio,
719 2152 904 2219 numquam
933 2153 1036 2220 opera
1063 2137 1180 2200 nostra

172 2256 234 2303 nec
256 2236 348 2302 domi
370 2257 433 2302 nec
455 2235 597 2301 militiae
621 2234 733 2322 Scipio
756 2235 924 2323 eguisset?
968 2235 1050 2301 Non
1073 2237 1179 2325 igitur

171 2339 357 2405 utilitatem
373 2337 532 2421 amicitia,
548 2337 607 2404 sed
623 2337 754 2403 utilitas
772 2337 957 2403 amicitiam
975 2344 1089 2405 secuta
1107 2345 1168 2406 est.

132 2463 165 2510 10
214 2441 295 2508 Non
304 2462 387 2530 ergo
396 2446 495 2507 erunt
506 2441 660 2506 homines
672 2440 1000 2507 deliciisdiffluentes
1011 2442 1177 2518 audiendi,
1190 2434 1232 2502 15

172 2544 200 2610 si
218 2544 352 2632 quando
371 2544 414 2610 de
433 2543 592 2626 amicitia,
608 2564 712 2630 quam
730 2563 792 2607 nec
809 2563 873 2608 usu
891 2563 954 2608 nec
974 2544 1106 2609 natione
1123 2525 1225 2609 ha⁵2

173 2646 255 2712 bent
273 2646 456 2733 cognitam
472 2644 703 2731 disputabunt.
747 2642 841 2709 Nam
858 2645 933 2730 quis
951 2648 1012 2726 est,
1027 2664 1090 2730 pro
1105 2644 1180 2711 deo

172 2768 250 2813 rum
263 2747 367 2813 fidem
381 2752 484 2835 atque
497 2746 690 2811 hominum!
709 2745 768 2831 qui
779 2746 871 2827 velit,
884 2748 923 2809 ut
934 2765 1044 2832 neque
1058 2745 1179 2833 diligat

173 2870 378 2937 quemquam
402 2869 464 2914 nec
491 2849 563 2935 ipse
589 2848 633 2914 ab
657 2846 729 2913 ullo
754 2846 927 2933 diligatur,
950 2847 1180 2915 circumfluere

133 2976 165 3022 aa
175 2951 331 3018 omnibus
353 2950 458 3037 copiis
480 2953 582 3036 atque
604 2950 641 3013 in
663 2948 815 3014 omnium
837 2968 950 3012 rerum
973 2948 1181 3016 abundantia

175 3053 311 3122 viveret
354 3052 451 3117 Haec
465 3051 555 3117 enim
570 3055 620 3117 est
634 3056 860 3138 tyrannorum
874 3050 946 3115 vita
962 3050 1132 3134 nimirum,
1144 3053 1181 3117 in

175 3177 242 3245 qua
256 3154 350 3221 nulla
367 3155 461 3238 fides,
473 3154 567 3220 nulla
584 3154 716 3236 caritas,
732 3153 826 3218 nulla
843 3153 974 3219 stabilis
992 3153 1181 3221 benivolen-

175 3261 245 3326 tiae
261 3263 373 3346 potest
391 3278 462 3325 esse
479 3257 612 3341 fiducia,
629 3257 743 3323 omnia
760 3276 891 3344 semper
908 3262 1062 3345 suspecta
1079 3264 1181 3348 atque

176 3361 330 3444 sollicita,
345 3361 458 3427 nullus
479 3361 572 3426 locus
593 3359 772 3426 amicitiae.
818 3359 902 3438 Quis
919 3361 1010 3425 enim
1027 3366 1086 3426 aut
1104 3379 1227 3431 eum53

137 3464 308 3552 sodiligat,
320 3484 420 3552 quem
437 3467 579 3546 metuat,
595 3466 654 3528 aut
672 3483 759 3545 eum,
771 3483 793 3527 a
806 3482 874 3549 quo
888 3482 924 3526 se
938 3463 1044 3528 metui
1061 3466 1180 3550 putetl

178 3567 345 3633 Coluntur
371 3571 488 3632 tamen
517 3564 732 3630 simulatione
761 3562 939 3629 dumtaxat
968 3565 1012 3629 ad
1037 3569 1180 3652 tempus.

179 3668 308 3749 Quodsi
321 3668 422 3751 forte,
430 3672 470 3733 ut
481 3667 523 3731 fit
536 3666 743 3754 plerumque,
756 3663 957 3748 ceciderunt,
969 3670 1044 3730 tum
1055 3665 1183 3731 intelle

265 3771 307 3835 334
