2684 4186
490 333 572 390 OAP.
589 334 679 388 20-22.
711 333 733 402 g
745 333 835 389 'tt-81.
1128 339 1171 400 33

165 492 210 572 et,
225 508 304 554 cum
319 487 463 575 simplex
480 485 586 552 animi
603 488 690 552 esset
706 487 830 550 natura
851 503 959 571 neque
977 483 1117 551 haberet
1133 485 1171 550 in

164 612 201 657 se
225 591 404 678 quicquam
432 589 623 656 admixtum
648 587 764 674 dispar
792 586 845 652 sui
873 593 975 674 atque
999 586 1168 672 dissimile,

164 714 235 759 non
251 713 349 781 posse
366 713 444 757 eum
460 691 586 773 dividi,
608 689 699 777 quod
716 689 745 755 si
762 708 833 754 non
849 695 972 776 posset,
988 710 1058 755 non
1074 710 1171 776 posse

164 797 324 878 interire;
354 814 546 882 magnoque
574 813 645 859 esse
674 796 877 880 argumento
904 791 1058 858 homines
1086 793 1171 859 soire

141 898 324 985 spleraque
345 900 434 980 ante,
452 916 555 984 quarn
575 895 649 961 nati
671 895 749 978 sint,
768 894 859 981 quod
879 893 949 959 iam
969 894 1074 981 pueri,
1095 914 1171 958 cum

164 1006 255 1065 artes
272 998 425 1064 difficiles
444 998 584 1082 discant,
599 998 650 1062 ita
666 996 821 1063 celeriter
839 1016 892 1062 res
911 995 1172 1062 innumerabiles

164 1101 338 1189 arripiant,
359 1104 399 1166 ut
421 1121 478 1167 eas
500 1120 571 1167 non
592 1103 668 1164 turn
692 1099 841 1186 primum
866 1098 1017 1186 accipere
1038 1097 1173 1164 videan-

164 1208 230 1286 tur,
249 1203 307 1269 sed
328 1202 497 1269 reminisci
518 1206 554 1268 et
575 1200 754 1267 recordari.
799 1200 897 1267 Haec
916 1198 1070 1266 Platonis
1089 1199 1170 1266 fere.

164 1304 269 1394 Apud
280 1303 544 1392 Xenophontem
558 1307 673 1370 autem
686 1306 833 1368 moriens
844 1302 955 1389 Cyrus
968 1302 1077 1368 maior
1090 1282 1228 1429 11111ξὲ

126 1421 157 1468 1o
165 1407 269 1474 dicit:
300 1410 320 1444 “
331 1408 368 1474 N
369 1407 452 1473 olite
476 1406 644 1490 arbitrari,
667 1426 688 1472 o
713 1403 799 1470 mihi
824 1404 987 1471 carissimi
1011 1404 1085 1488 filii,
1107 1424 1172 1489 me,

165 1530 243 1574 eum
268 1529 290 1575 1
314 1509 410 1576 vobis
435 1509 626 1592 discessero,
648 1527 815 1594 nusquam
842 1510 902 1573 aut
927 1505 1059 1571 n‘ullum
1088 1505 1172 1573 fore.

166 1611 240 1677 Nee
257 1611 357 1694 enim,
374 1610 457 1675 dum
474 1630 568 1676 eram
583 1609 768 1693 vobiscum,
784 1609 936 1674 animum
953 1628 1068 1674 meum
1084 1608 1175 1676 vide-

167 1713 264 1795 batis,
280 1712 339 1778 sed
359 1732 438 1778 eum
457 1732 528 1777 esse
546 1711 584 1776 in
599 1710 665 1777 hoc
684 1731 824 1797 corpore
845 1731 888 1775 ex
906 1711 948 1775 iis
966 1710 1075 1794 rebus,
1091 1732 1175 1798 quas

166 1815 335 1903 gerebam,
357 1815 616 1902 intellegebatis.
664 1813 820 1879 Eundem
844 1810 951 1901 igitur
975 1834 1046 1880 esse
1070 1817 1172 1881 credi-

129 1922 251 2001 1stote,
274 1917 406 1983 etiamsi
430 1917 562 1982 nullum
585 1914 754 1983 videbitis.
801 1914 876 1980 Nec
900 1935 981 1980 vero
1006 1915 1174 2000 clarorum
1184 1932 1222 1986 80

168 2020 319 2086 virorum
339 2024 418 2106 post
439 2023 586 2084 mortem
606 2019 752 2084 honores
773 2021 1019 2105 permanerent,
1038 2017 1067 2083 si
1088 2018 1175 2087 nihil

168 2143 286 2189 eorum
295 2121 446 2209 ipsorum
456 2121 561 2187 animi
572 2121 752 2203 efficerent,
762 2140 829 2207 quo
839 2119 966 2185 diutius
976 2121 1176 2188 memoriam

168 2224 220 2289 sui
245 2228 444 2291 teneremus.
492 2221 582 2288 Mihi
607 2222 744 2311 quidem
772 2241 957 2309 numquam
981 2223 1180 2310 persuaderi

167 2326 281 2414 potuit
303 2325 541 2409 animcadum
559 2326 596 2391 in
616 2324 811 2413 corporibus
832 2328 944 2390 essent
964 2326 1174 2412 mortalibus,

127 2429 291 2512 sovivere,
309 2450 387 2494 eum
408 2428 626 2495 excessissent
648 2448 691 2494 ex
709 2427 767 2512 eis,
785 2427 901 2511 emori,
916 2446 979 2494 nec
997 2449 1078 2495 vero
1099 2433 1180 2498 tum.

168 2531 320 2598 animum
341 2552 412 2598 esse
433 2531 658 2618 insipientem,
678 2550 756 2595 cum
777 2550 820 2595 ex
840 2529 1012 2616 insipienti
1036 2547 1182 2619 corpore*

168 2635 337 2717 evasisset,
349 2633 409 2700 sed
423 2653 501 2698 cum
515 2633 609 2698 omni
624 2631 833 2698 admixtione
847 2632 996 2718 corporis
1013 2631 1181 2719 liberatus·

168 2755 272 2822 purus
293 2741 329 2800 et
349 2735 483 2820 integer
502 2753 575 2799 esse
596 2732 769 2819 coepisset,
787 2735 863 2796 tum
885 2752 957 2797 esse
978 2733 1175 2819 sapientem.

169 2836 286 2922 Atque
307 2835 411 2900 etiam
432 2854 510 2901 oum
530 2833 677 2900 hominis
698 2837 821 2898 natura
841 2836 952 2898 morte
971 2833 1175 2921 dissolvitur,
1225 2845 1227 2849 ’

129 2957 160 3004 11
169 2944 358 3005 ceterarum
377 2957 491 3003 rerum
511 2935 725 3024 perspicuum
746 2940 884 3022 estque
905 2956 1055 3023 quaeque
1075 2937 1177 3008 disce

169 3041 248 3122 dat3
270 3038 397 3105 abeunt
411 3037 503 3105 enirn
519 3037 601 3103 illuc
615 3035 738 3120 omnia,
750 3037 840 3103 unde
853 3040 931 3109 orta
944 3041 1033 3121 sunt,
1045 3040 1182 3111 animus

169 3147 286 3209 autem
302 3140 403 3223 solus,
414 3160 478 3206 nec
491 3158 570 3206 eum
583 3138 679 3211 adest
693 3158 756 3208 nec
769 3158 847 3204 cum
860 3139 1012 3223 discedit,
1025 3149 1175 3230 apparet.

170 3244 246 3311 Iam
268 3263 349 3309 vero
371 3241 496 3316 videtis
518 3241 606 3309 nihil
628 3261 700 3307 esse
722 3241 826 3311 morti
848 3245 921 3311 tam
944 3243 1053 3310 simile
1074 3266 1177 3333 quam

170 3365 335 3412 somnum.
379 3344 489 3432 Atqui
512 3343 754 3411 dormientium
776 3344 881 3410 animi
901 3346 1049 3413 maxime
1071 3348 1222 3421 declassl

131 3469 163 3516 ao
171 3451 248 3514 rant
271 3445 487 3514 divinitatem
508 3467 622 3530 suam3
647 3444 757 3512 multa
777 3446 878 3530 enim,
894 3468 972 3513 cum
992 3450 1122 3517 remissi
1141 3457 1176 3519 et

171 3547 269 3616 liberi
288 3553 378 3631 sunt,
394 3547 511 3623 futura
530 3547 751 3635 prospiciunt.
795 3547 933 3636 Exque
954 3548 1175 3639 intellegitur,

172 3649 425 3814 quales2futuri
452 3650 531 3738 sint,
557 3670 635 3724 cum
661 3669 699 3726 se
724 3650 827 3738 plane
855 3650 1006 3746 corporis
1033 3652 1177 3728 vinculis
