2684 4186
170 325 215 390 42
448 319 610 375 hammus
630 319 684 374 DE
704 319 891 375 AMICITIA.

170 472 328 561 religiosa
341 472 415 539 iura
427 472 629 555 tribuerunt,
641 471 733 560 quod
746 491 816 538 non
832 469 992 538 fecissent
1008 471 1172 558 profecto,

170 576 199 643 si
213 575 300 641 nihil
315 575 361 641 ad
377 595 433 641 eos
449 575 619 663 pertinere
636 573 891 657 arbitrarentur,
904 573 959 639 vel
976 594 1103 657 eorum,
1115 574 1175 662 qui

169 678 207 743 in
216 677 281 743 hac
294 682 385 743 terra
398 677 536 742 fuerunt
549 696 776 764 magnamque
788 675 974 758 Graeciam,
984 695 1071 763 quae
1083 695 1175 742 nunc

170 779 307 868 quidem
323 779 436 846 deleta
453 783 513 861 est,
525 782 601 843 tum
617 776 770 861 florebat,
786 776 950 843 institutis
968 781 1002 843 et
1019 797 1174 866 praecep

169 875 216 948 tis
240 882 308 948 suis
337 879 540 964 erudierunt,
563 879 619 945 vel
647 879 729 963 eius,
752 879 811 967 qui
836 879 1009 967 Apollinis
1037 880 1200 946 oraculoo

170 981 435 1072 sapientissimus
454 987 506 1049 est
526 982 702 1065 iudicatus,
718 982 739 1064 †
754 982 814 1069 qui
830 1002 900 1048 non
917 985 992 1048 tum
1008 981 1082 1066 hoc,
1098 985 1174 1047 tmn

170 1088 264 1172 illud,
279 1092 320 1152 ut
335 1087 373 1151 in
388 1086 565 1174 plerisque,
581 1085 641 1151 sed
657 1084 749 1151 idem
765 1105 906 1171 semper,
921 1083 1052 1152 animos
1068 1084 1175 1150 homi·

170 1210 253 1255 num
269 1210 340 1256 esse
354 1188 496 1271 divinos,
507 1187 623 1274 iisque,
636 1207 713 1253 cum
727 1207 771 1252 ex
787 1207 928 1274 corpore
945 1187 1173 1272 excessissent,

169 1291 317 1358 reditum
341 1291 378 1356 in
402 1291 532 1356 caelum
559 1293 686 1377 patere,
708 1289 905 1377 optimoque
929 1294 966 1356 et
990 1289 1175 1357 iustissimo

124 1403 161 1460 14
170 1394 289 1481 cuique
317 1390 616 1480 expeditissimum.
668 1390 769 1469 Quod
793 1390 886 1457 idem
911 1391 1060 1480 Scipioni
1085 1391 1218 1462 vide-ro

169 1493 279 1578 batur,
299 1494 358 1583 qui
379 1494 524 1582 quidem,
543 1494 639 1581 quasi
660 1493 878 1581 praesagiret,
896 1495 1071 1582 perpaucis
1093 1498 1175 1560 ante

169 1601 316 1664 mortem
333 1596 459 1680 diebus,
475 1617 552 1662 cum
569 1601 604 1662 et
622 1595 741 1662 Philus
759 1601 794 1662 et
811 1595 973 1663 Manilius
990 1597 1120 1663 adesset
1137 1599 1176 1663 et

169 1699 229 1766 alii
252 1699 376 1787 plures,
398 1703 503 1788 tuque
531 1699 644 1784 etiam,
668 1699 837 1783 Scaevola,
859 1719 992 1766 mecum
1016 1699 1174 1785 venisses,

169 1802 322 1869 triduum
342 1802 499 1869 disseruit
519 1803 562 1870 de
582 1823 621 1870 re
640 1802 795 1890 publica3
820 1803 913 1869 cuius
935 1802 1176 1890 disputationis

170 1905 238 1974 fuit
254 1911 444 1974 extremum
460 1906 532 1974 fere
549 1906 592 1974 de
608 1906 854 1973 inmortalitate
871 1905 1071 1989 animorum,
1086 1925 1220 1993 quaem

170 2029 207 2075 se
227 2008 264 2075 in
283 2009 395 2097 quiete
416 2029 477 2097 per
495 2009 605 2076 visum
626 2029 669 2075 ex
690 2009 856 2075 Africano
876 2008 1008 2075 audisse
1030 2009 1175 2076 dicebat.

170 2110 214 2176 Id
235 2111 265 2176 si
286 2111 336 2177 ita
358 2115 419 2194 est,
438 2115 478 2176 ιιι
503 2111 635 2198 optumi
660 2110 820 2198 cuiusque
844 2110 976 2176 animus
1001 2109 1039 2175 in
1063 2115 1178 2178 morte

170 2211 331 2277 facillime
345 2211 457 2280 evolet
471 2217 647 2299 tamquam
660 2232 680 2278 e
694 2210 847 2299 custodia
860 2211 1046 2299 vinclisque
1059 2233 1179 2302 corpo

170 2313 226 2396 ris,
246 2313 300 2379 cui
326 2334 498 2380 censemus
523 2334 658 2379 cursum
681 2314 726 2380 ad
751 2312 831 2380 deos
857 2313 1045 2379 faciliorem
1069 2314 1181 2384 fuisse

170 2433 273 2503 quam
297 2415 465 2503 Scipionil
510 2415 674 2494 Quocirca
694 2435 844 2482 maerere
867 2416 934 2481 hoc
955 2414 1027 2483 eius
1050 2423 1177 2486 eventu
1186 2439 1224 2488 ao

171 2537 289 2584 vereor
308 2537 353 2586 ne
373 2517 480 2585 invidi
500 2518 611 2606 magis
632 2538 735 2607 quam
756 2518 856 2586 amici
878 2519 932 2584 sit.
978 2519 1039 2584 Sin
1059 2525 1181 2589 autem>

171 2619 231 2686 illa
243 2620 384 2705 veriora,
399 2626 440 2687 ut
455 2620 547 2687 idem
562 2621 720 2688 interitus
737 2621 782 2687 sit
800 2621 991 2687 animorum
1007 2625 1043 2688 et
1060 2642 1178 2710 corpo

171 2743 321 2790 rumnec
330 2723 419 2791 ullus
429 2745 544 2791 sensus
553 2727 699 2808 maneat,
708 2723 933 2789 utnihilboni
944 2727 995 2790 est
1006 2714 1175 2811 inmorte,

171 2827 220 2894 sic
233 2832 324 2894 certe
338 2826 425 2893 nihil
437 2826 537 2910 mali3
556 2846 655 2893 sensu
669 2825 760 2893 enim
774 2826 897 2893 amisso
910 2825 953 2891 fit
967 2826 1067 2910 idem,
1079 2828 1178 2914 quasi

171 2934 272 2997 natus
290 2950 360 2996 non
381 2934 468 2997 esset
488 2929 636 3013 omnino,
652 2949 754 3017 quem
773 2933 890 2995 tamen
911 2948 983 2995 esse
1003 2933 1124 2995 natum
1140 2934 1223 2999 etas

172 3052 234 3098 nos
256 3032 441 3119 gaudemus
466 3030 607 3098 ethaeo
631 3030 761 3115 civitas,
781 3031 863 3096 dum
887 3030 960 3113 erit,
981 3029 1177 3101 lactabitur.

126 3145 162 3199 15
174 3135 287 3212 Quam
304 3134 438 3200 obrem
457 3154 535 3199 cum
550 3133 611 3198 illo
628 3132 774 3220 quidem,
789 3138 829 3199 ut
847 3153 948 3220 supra
965 3132 1046 3216 dixi,
1061 3137 1180 3202 actum

173 3234 301 3322 optime
312 3238 372 3317 est,
381 3254 513 3300 mecum
527 3234 780 3317 incommodius,
790 3254 892 3321 quem
902 3233 1014 3300 fuerat
1028 3235 1179 3324 aequius,

173 3341 213 3402 ut
223 3335 315 3423 prius
329 3335 534 3418 introieram,
544 3336 592 3401 sic
601 3335 695 3422 prius
710 3335 802 3402 exire
812 3334 946 3402 devita.
985 3337 1051 3404 Sed
1061 3341 1181 3406 tamen

173 3437 406 3504 recordatione
436 3441 572 3505 nostrae
603 3436 772 3503 amicitiae
803 3437 851 3503 sic
879 3437 984 3523 f1uor,
1010 3444 1050 3505 ut
1079 3440 1226 3511 beateae

173 3540 297 3608 vixisse
321 3539 446 3624 videar,
468 3540 548 3629 quia
575 3560 653 3606 cum
678 3539 834 3627 Scipione
857 3540 1009 3626 vixerim,
1032 3562 1182 3631 quocum

173 3642 259 3711 mihi
267 3629 456 3712 ”coniuncta
472 3664 553 3712 cura
569 3643 612 3711 de
628 3642 764 3730 publica
781 3664 819 3712 re
836 3648 871 3712 et
888 3643 930 3712 de
947 3644 1082 3732 privata
1099 3645 1181 3732 fuit,
