2684 4186
181 308 222 372 58
458 303 619 359 nastros
641 304 694 358 un
715 303 903 360 111161111.

180 456 283 544 gitur,
296 477 398 545 quam
415 456 544 522 fuerint
561 456 678 543 inopes
695 455 889 521 amicorum.
935 455 1035 535 Quod
1050 456 1187 545 Tarqui-

180 559 275 623 nium
297 559 420 624 dixisse
441 558 566 641 ferunt,
585 563 660 624 tum
681 557 891 624 exsulantem
913 579 949 624 se
969 559 1185 643 intellexisse,

180 682 264 749 quos
288 661 376 726 fidos
400 661 526 727 amicos
551 661 731 744 habuisset,
752 681 836 748 quos
860 661 993 744 infidos,
1014 682 1092 727 cum
1116 662 1187 728 iam

130 764 307 831 otneutris
336 764 484 852 gratiam
508 763 634 829 referre
659 768 782 850 posset.
831 763 1046 852 Quamquam
1070 765 1184 849 miror,

178 869 238 934 illa
259 867 416 956 superbia
438 871 473 932 et
494 867 742 954 inportunitate
764 866 792 932 si
812 887 1016 955 quemquam
1037 868 1186 933 amicum
1211 889 1227 934 11

177 970 302 1035 habere
330 972 453 1056 potuit.
501 968 619 1057 Atque
643 974 683 1034 ut
708 969 817 1053 huius,
841 990 942 1056 quern
969 969 1051 1053 dixi,
1073 991 1185 1037 mores

177 1092 274 1138 veros
288 1072 413 1138 amicos
427 1091 546 1158 parare
556 1092 626 1136 non
639 1076 833 1159 potuerunt,
845 1073 893 1138 sic
903 1071 1089 1138 multorum
1103 1092 1185 1159 opes

176 1173 449 1263 praepotentium
463 1173 646 1239 excludunt
657 1173 823 1239 amicitias
837 1174 962 1240 fideles.
1000 1173 1082 1241 Non
1092 1175 1184 1240 enim

176 1277 286 1343 solum
296 1277 370 1364 ipsa
380 1275 532 1341 Fortuna
546 1295 645 1341 caeca
655 1279 715 1358 est,
728 1275 786 1341 sed
797 1296 854 1342 eos
869 1277 973 1342 etiam
986 1277 1185 1364 plerumque

177 1380 279 1444 efficit
294 1399 417 1461 caecos,
426 1398 509 1465 quos
524 1378 687 1465 conplexa
697 1382 764 1458 est;
781 1377 896 1466 itaque
910 1378 1096 1444 effenmtur
1109 1379 1184 1446 iere
1194 1399 1226 1447 ιο

176 1482 315 1547 fastidio
330 1486 364 1547 et
379 1480 601 1563 contumacia,
613 1500 675 1546 nec
690 1480 868 1568 quicquam
881 1481 1063 1569 insipiente
1076 1481 1184 1548 fortu-

176 1589 259 1650 nato
281 1579 525 1650 intolerabilius
551 1583 627 1648 fieri
652 1586 775 1670 potest.
820 1583 936 1670 Atque
958 1584 1023 1650 hoe
1045 1584 1182 1672 quidem

175 1687 291 1753 videre
304 1686 392 1770 licet,
405 1707 470 1769 ece,
483 1685 541 1773 qui
556 1689 657 1751 antea
674 1685 858 1752 commodis
875 1685 1004 1752 fuerint
1020 1686 1180 1772 moribus,

176 1789 327 1876 irnperio,
346 1792 525 1875 potestate,
543 1786 713 1904 prosperis
733 1788 832 1854 rebus
851 1788 1013 1854 inmutari
1032 1790 1056 1872 [,
1067 1790 1182 1877 sperni

128 1909 166 1961 55
177 1893 252 1958 ab''
231 1914 272 1958 ns
286 1898 416 1959 veteres
430 1891 544 1958 amicit
546 1891 596 1956 ias
596 1890 785 1979 ,indulgeri
799 1891 921 2006 novis}
960 1891 1051 1970 Quid
1064 1897 1182 1959 autem
1192 1911 1224 1959 rs

176 1994 312 2061 stultms
327 2015 437 2082 quam,
449 2015 527 2060 cum
539 1993 725 2080 plurimum
741 1993 855 2080 copiis,
870 1993 1110 2077 facultatibus,
1110 1995 1182 2111 opi-

175 2097 237 2162 bus
266 2098 406 2184 possint,
429 2100 542 2162 cetera
570 2115 700 2182 parare,
722 2115 808 2210 quae
835 2100 1000 2183 parantur
1026 2097 1179 2184 pecunia,

175 2219 286 2285 equos,
305 2198 461 2281 famulos,
477 2201 607 2264 vestem
627 2198 809 2284 egregiam,
825 2218 906 2264 vasa
923 2198 1081 2286 pretiosa,
1098 2199 1181 2266 ami-

175 2322 232 2366 cos
253 2321 323 2366 non
342 2320 470 2387 parare,
489 2305 664 2387 optumam
686 2304 721 2365 et
741 2300 1003 2386 pulcherrimam
1022 2302 1182 2385 niteant

175 2403 226 2468 ita
242 2402 361 2485 dicam,
377 2402 640 2489 supellectilem?
666 2403 792 2468 etenim
813 2407 926 2470 cetera
947 2425 1024 2470 cum
1044 2409 1224 2492 perantes

138 2548 141 2553 -
176 2506 229 2571 cui
251 2509 381 2592 parent,
402 2505 565 2588 nesciunt,
587 2526 649 2572 nec
673 2506 767 2571 cuius
792 2526 893 2572 causa
917 2506 1072 2575 laborent
1094 2506 1181 2593 (eius

175 2608 266 2674 enim
283 2612 334 2673 est
351 2607 493 2672 istorum
510 2606 665 2695 quidque,
678 2608 736 2696 qui
753 2608 835 2674 vicit
852 2608 1003 2698 viribus),
1018 2609 1181 2677 amicitia-

173 2731 250 2776 rum
267 2731 327 2776 sua
344 2709 463 2798 cuique
483 2716 660 2798 permanet
682 2711 813 2777 stabilis
830 2716 865 2777 et
883 2717 976 2778 certa
995 2713 1180 2800 possessi03

173 2819 222 2896 ut,
238 2813 370 2880 etiamsi
386 2813 447 2879 illa
462 2818 632 2898 maneant,
644 2834 731 2902 quae
748 2818 827 2881 sunt
842 2815 940 2903 quasi
953 2814 1043 2883 dona
1060 2814 1181 2882 Fortu-

173 2937 246 2999 nae,
258 2922 373 2982 tamen
383 2916 456 2982 vita
469 2916 598 2986 inculta
611 2921 646 2985 ct
661 2916 793 2983 deserta
806 2917 851 2982 ab
861 2916 978 2987 amicis
991 2938 1062 2985 non
1071 2919 1180 3007 possit
1188 2936 1223 2986 at

173 3040 244 3086 esse
257 3019 411 3087 iucunda.
458 3019 524 3087 Sed
538 3019 622 3086 haec
636 3020 807 3086 hactenus.

120 3093 162 3157 1⁶
216 3120 454 3187 Constituendi
475 3125 591 3187 autem
607 3127 696 3205 sunt,
709 3122 767 3209 qui
784 3121 907 3189 sintin
924 3122 1076 3190 amicitia
1092 3124 1181 3193 fines

126 3183 208 3288 5661
223 3223 318 3310 quasi
332 3223 469 3289 termini
484 3223 657 3311 diligendi.
702 3224 756 3290 De
770 3225 891 3311 quibus
909 3231 978 3296 tres
992 3225 1181 3293 1111661611-

173 3325 298 3391 tentias
319 3324 410 3407 ferri,
426 3345 568 3411 quarum
589 3325 719 3390 nullam
739 3328 855 3413 probo,
871 3348 985 3412 unam,
1000 3332 1040 3394 ut
1059 3328 1181 3397 eodem

173 3427 275 3494 modo
297 3447 379 3514 erga
401 3427 547 3492 amicum
569 3427 696 3493 allecti
721 3428 920 3516 simusque
941 3451 1024 3518 erga
1044 3437 1226 3505 nosmetso

173 3530 272 3618 ipsos,
288 3529 441 3613 alteram,
456 3534 496 3594 ut
516 3534 631 3596 nostra
652 3531 689 3594 in
710 3530 835 3597 amicos
857 3532 1086 3600 benivolentia
1106 3533 1181 3601 illo

172 3655 249 3700 rum
280 3652 363 3719 erga
394 3653 455 3703 nos
486 3632 735 3705 benivolentiae
765 3634 894 3722 pariter
927 3635 1181 3727 aequaliterque
