2684 4186
501 337 583 392 cAP.
597 336 686 392 12-14
721 336 842 405 §la-la
1135 340 1177 405 19

172 487 276 571 nulla,
292 488 352 555 sed
373 488 476 555 ctiam
497 509 630 555 summa
649 489 722 554 laus
743 488 925 554 senectutis
947 493 1007 573 est,
1023 489 1115 577 quod
1136 509 1177 554 ea

172 592 365 677 voluptates
379 592 489 657 nullas
505 611 712 679 magnopere
729 590 918 681 desiderat...
939 590 1053 680 'Caret
1068 590 1175 678 epulis

172 693 350 770 exstructis
373 714 416 759 ue
426 683 549 759 diensis
558 698 592 759 et
603 693 836 782 frequentibus
846 693 984 780 poculis,
993 699 1085 758 caret
1093 714 1176 780 ergo
1251 699 1254 703 '

172 794 276 859 etiam
289 714 477 860 visilastis
490 798 525 860 et
540 779 707 861 cruditate
721 801 756 860 et
770 795 955 860 insomniis,
997 794 1063 860 Sed
1076 795 1105 859 si
1118 794 1175 860 ali-

148 896 254 983 tquid
276 896 427 962 dandum
449 901 500 961 est
522 897 701 984 voluptati,
722 896 883 984 quoniam
908 897 980 961 eius
1002 896 1175 961 blanditiis

172 1019 242 1064 non
255 999 356 1065 facile
372 998 565 1065 obsistimus
582 999 709 1083 (divine
726 999 817 1064 enim
831 998 934 1065 Plato
952 1002 1091 1064 “escam
1107 1017 1175 1062 ma

169 1100 307 1167 lorum''
319 1102 467 1189 appellat
478 1094 698 1190 voluptatem,
707 1101 799 1188 quod
807 1100 1011 1193 eavidelicet
1022 1099 1175 1166 homines

171 1203 349 1291 capiantur
372 1209 412 1270 ut
437 1205 567 1291 pisces),
590 1224 796 1293 quamquam
821 1203 1041 1271 inmoderatis
1067 1203 1175 1290 epulis

170 1312 261 1373 caret
279 1311 441 1390 senectus,
456 1307 597 1373 modicis
618 1311 735 1373 tamen
756 1306 919 1394 conviviis
940 1305 1101 1372 delectari
1117 1326 1175 1392 po

131 1424 162 1470 10
170 1414 245 1475 test.
290 1409 327 1476 0.
348 1409 523 1475 Duellium
547 1408 595 1474 M.
616 1409 652 1493 f.‚
673 1409 732 1496 qui
757 1404 891 1474 Poenos
916 1408 1020 1474 classe
1043 1408 1173 1496 primus

170 1510 347 1594 devicerat„
369 1513 568 1578 redeuntem
593 1531 615 1576 a
639 1531 723 1577 cena
747 1531 864 1583 senem
891 1531 990 1601 saepe
1015 1510 1173 1577 videbam

169 1634 271 1701 pucr3
293 1614 524 1690 delectabatur
541 1613 658 1679 crebro
675 1613 784 1679 funali
799 1619 834 1679 et
848 1600 996 1696 tibicine,
1008 1633 1094 1700 quae
1108 1612 1173 1678 sibi

169 1715 265 1780 nullo
285 1714 439 1802 exemplo
459 1714 613 1801 privatus
634 1718 842 1801 sumpserat3
863 1718 999 1780 tantum
1016 1714 1173 1781 licentiae

170 1816 275 1881 dabat
291 1815 409 1902 gloria.
439 1815 522 1898 lSed
536 1815 618 1902 quid
635 1836 699 1903 ego
716 1815 822 1880 aliosl
844 1816 889 1881 ad
904 1836 959 1880 me
975 1816 1087 1902 ipsum
1103 1817 1173 1881 iam
1181 1832 1219 1885 45

131 1923 331 1985 isrevertar.
369 1917 524 1983 Primum
533 1917 931 2005 habuisempersodales.
970 1918 1173 1984 Sodalitates

170 2025 286 2087 autem
310 2041 366 2086 me
392 2024 571 2109 quaestore
599 2020 804 2086 constitutae
830 2024 909 2086 sunt
934 2020 1036 2086 sacris
1062 2020 1173 2087 Idaeis

168 2122 317 2212 Magnae
329 2122 453 2190 Matris
466 2123 620 2209 acceptis.
657 2122 831 2209 Epulabar
844 2122 950 2211 igitur
963 2144 1040 2189 cum
1054 2123 1173 2189 sodali-

167 2226 230 2294 bus
246 2227 386 2293 omnino
406 2225 548 2308 modice,
564 2226 623 2292 sed
642 2230 717 2292 erat
734 2225 872 2313 quidam
894 2226 1010 2292 fervor
1030 2226 1170 2310 aetatis3

103 2404 105 2411 y
168 2351 235 2418 qua
247 2330 486 2418 progrediente
499 2329 615 2395 omnia
627 2328 717 2393 fiunt
731 2329 768 2393 in
782 2328 853 2395 dies
866 2328 1013 2394 mitiora.
1050 2329 1171 2417 Neque

127 2449 159 2497 so
168 2433 258 2499 enim
266 2433 418 2520 ipsomm
427 2431 660 2498 conviviorum
670 2430 930 2498 delectationem
940 2431 1172 2518 voluptatibus

166 2535 316 2623 corporis
336 2534 446 2622 magis
463 2554 566 2621 quam
587 2538 686 2600 coetu
707 2533 893 2600 amicorum
910 2537 945 2598 et
962 2534 1172 2600 sermonibus

165 2638 337 2705 metiebar.
375 2637 469 2702 Bone
478 2635 570 2701 enim
582 2635 727 2702 maiores
740 2635 986 2702 accubitionem
999 2637 1172 2722 epularem

166 2740 360 2822 amicorum,
372 2738 452 2825 quia
464 2738 556 2803 vitae
573 2737 845 2804 coniunctionem
861 2735 1010 2819 haberet,
1026 2738 1172 2803 convivi-

166 2862 226 2906 um
242 2840 513 2922 nominaverunt‚
527 2840 648 2906 melius
662 2859 765 2928 quam
780 2838 911 2920 Graeci,
923 2838 982 2925 qui
999 2837 1064 2904 hoc
1080 2839 1173 2905 idem

126 2947 243 3009 cetum
263 2940 560 3029 compotationcm‚
577 2945 654 3007 tum
675 2941 951 3007 concenationem
972 2947 1105 3025 vocant,
1120 2947 1170 3026 ut,

167 3044 259 3133 quod
275 3043 313 3109 in
329 3064 370 3111 eo
386 3063 511 3132 genere
531 3043 710 3108 minimum
729 3046 790 3126 est,
806 3042 842 3107 id
860 3043 1008 3110 maxime
1027 3044 1171 3132 probare

114 3163 116 3167 ·
166 3147 354 3214 videantur.
396 3144 472 3234 Ego
486 3166 568 3212 vero
581 3149 722 3233 propter
735 3146 898 3212 sermonis
912 3145 1171 3214 delectationem

165 3249 375 3338 tempestivis
389 3269 524 3338 quoque
537 3247 701 3316 conviviis
715 3247 873 3332 delector,
884 3269 947 3315 nec
961 3271 1039 3314 cum
1052 3271 1171 3339 aequa

164 3352 253 3420 libus
260 3352 379 3436 solum,
386 3351 445 3441 qui
452 3351 552 3440 pauci
562 3352 746 3419 admodum
755 3352 1049 3436 restant,sedcum
1057 3358 1170 3421 vestra

126 3454 269 3523 suetiam
279 3460 392 3522 aetate
402 3458 505 3543 atque
515 3454 698 3538 vobiscum,
709 3454 884 3542 habeoque
898 3454 1063 3520 senectuti
1076 3475 1170 3544 mag-

165 3575 247 3622 nam
268 3557 424 3646 gratiam,
443 3577 529 3646 quae
549 3544 636 3622 mihi
657 3556 820 3623 sermonis
842 3556 1042 3623 aviditatem
1063 3559 1168 3642 auxit,

165 3658 313 3746 potionis
327 3664 364 3726 et
377 3659 444 3728 cibi
461 3659 607 3728 sustulit.
653 3658 782 3738 Quodsi
796 3678 898 3747 quem
914 3658 1019 3726 etiam
1035 3659 1102 3727 ista
1115 3660 1170 3728 de

1181 3114 1226 3182 14

1178 3203 1216 3259 46
