2714 4216
128 357 170 419 62
405 351 567 407 LAELIUS
588 352 641 406 Da
663 351 849 408 AMICITIA.

73 513 116 580 18
127 505 294 571 deserunt.
341 505 409 584 Qui
426 505 533 593 igitur
548 509 692 592 utraque
708 504 746 572 in
759 525 797 572 re
813 525 964 593 gravem,
979 510 1134 573 constan·

126 614 207 692 tem,
234 608 391 674 stabilem
419 629 455 674 se
483 608 520 672 in
548 608 697 673 amicitia
727 609 944 695 praestiterit,
970 607 1061 674 hunc
1089 631 1133 677 cx

127 711 274 776 maxime
297 732 374 776 1111
397 729 521 798 genere
543 709 720 775 hominum
744 709 891 776 iudicare
914 710 1073 776 debemus
1095 716 1132 778 et

191 834 214 878 n
310 834 346 878 m
369 864 376 878 .

42 894 115 977 (1⁸)
126 815 438 982 pabiimbrberitum
452 920 565 981 autem
579 913 776 980 stabilitatis
791 914 1064 1004 constantiaeque
1078 920 1131 983 est
1156 935 1172 981 s

80 986 116 1038 ⁶⁵
127 1020 207 1102 eius,
217 1040 319 1106 quam
329 1019 366 1083 in
380 1018 529 1083 amicitia
543 1017 742 1104 quaerimus,
753 1017 855 1101 fides,
872 1017 960 1083 nihil
973 1022 1025 1084 est
1039 1018 1132 1084 enim

127 1121 257 1206 stabile,
278 1121 368 1209 quod
392 1121 538 1185 infidum
562 1125 622 1185 est.
674 1119 868 1207 Simplicem
895 1124 1071 1209 praeterea
1095 1127 1130 1188 et

127 1245 340 1291 communem
362 1229 397 1289 et
419 1223 692 1305 consentientem,
708 1221 744 1286 id
761 1222 889 1309 estqui
906 1223 1005 1289 rebus
1023 1223 1130 1290 isdem

127 1334 312 1409 moveatur,
328 1326 409 1412 eligi
418 1329 488 1413 'par
502 1329 563 1407 est,
575 1345 661 1411 quae
676 1324 790 1390 omnia
806 1325 979 1412 pertinent
992 1325 1037 1392 ad
1050 1326 1131 1392 fide

126 1431 278 1512 litatem3
303 1429 519 1515 nequeenim
540 1428 648 1492 fidum
666 1430 868 1515 potestesse
886 1415 1066 1517 multiplex
1082 1428 1171 1494 in-ro

125 1532 264 1620 genium
278 1536 313 1597 et
327 1535 527 1614 tortuosum,
536 1550 644 1618 neque
654 1550 745 1613 vero,
754 1530 812 1618 qui
826 1550 896 1595 non
910 1530 1017 1597 isdem
1030 1531 1131 1599 rebus

126 1639 283 1700 movetur
306 1638 494 1720 naturaque
518 1632 696 1716 consentit,
716 1637 777 1700 aut
801 1632 890 1699 fidus
915 1638 975 1699 aut
999 1635 1130 1714 stabilis

126 1742 240 1826 potest
257 1758 337 1803 esse.
382 1736 588 1801 Addendum
607 1736 726 1802 eodem
743 1739 804 1819 est,
819 1740 858 1803 ut
875 1756 919 1801 ne
935 1736 1130 1806 criminibus

126 1846 185 1908 aut
199 1839 383 1907 inferendis
397 1839 582 1905 delectetur
595 1843 655 1904 aut
665 1838 780 1906 credat
794 1837 927 1922 oblatis,
935 1859 1020 1925 quae
1031 1840 1131 1927 perti-

126 1948 209 2011 nent
224 1944 338 2010 omnia
352 1944 396 2009 ad
410 1963 494 2025 eam,
506 1962 607 2029 quam
621 1941 690 2007 iam
703 1940 832 2007 dudum
845 1944 966 2025 tracto,
978 1946 1130 2009 constan-
1140 1961 1169 2008 11

126 2049 220 2113 tiam.
266 2047 321 2112 lta
335 2047 377 2111 fit
391 2066 510 2112 verum
526 2044 619 2127 illud,
632 2042 723 2132 quod
739 2043 839 2109 initio
853 2043 933 2128 dixi,
945 2044 1130 2114 amicitiam

126 2150 191 2215 nisi
208 2151 298 2214 inter
319 2148 425 2213 bonos
443 2168 514 2212 esse
531 2168 601 2212 non
617 2166 723 2235 posse.
768 2144 831 2211 Est
848 2146 939 2212 enim
955 2147 1128 2234 boniviri,

125 2272 227 2338 quem
244 2250 387 2316 eundem
404 2250 592 2336 sapientem
607 2249 686 2315 licet
701 2248 820 2332 dicere,
836 2248 920 2315 haec
933 2249 1001 2316 duo
1014 2254 1130 2319 tenere

125 2354 162 2418 in
179 2352 345 2419 amicitia:
371 2351 519 2439 primum
535 2351 677 2439 nequid
698 2351 818 2416 fictum
834 2352 879 2418 sit
896 2373 981 2420 neve
997 2353 1130 2421 simula·

125 2461 218 2538 tum3
240 2458 356 2542 aperte
373 2453 464 2519 enim
477 2454 533 2519 vel
550 2453 659 2519 odisse
675 2454 784 2541 magis
801 2454 942 2542 ingenui
958 2461 1009 2522 est
1026 2474 1171 2543 quamao

124 2558 239 2624 fronte
264 2557 432 2622 occultare
460 2556 683 2639 sententiam;
712 2555 834 2622 deinde
857 2577 928 2622 non
952 2557 1061 2624 solum
1085 2559 1129 2625 ab

125 2662 239 2750 aliquo
262 2660 382 2725 allatas
407 2658 656 2725 criminationes
681 2659 932 2747 1·epellere,sed
953 2660 1129 2748 neipsum

125 2763 261 2850 quidem
275 2781 346 2827 esse
360 2759 587 2848 suspiciosum,
596 2779 727 2846 semper
737 2758 865 2847 aliquid
879 2759 1129 2837 existimantem

77 2865 293 2932 6611111111
311 2885 381 2930 esse
398 2863 572 2932 violatum.
617 2861 768 2930 Accedat
785 2862 852 2928 huc
869 2862 1016 2928 suavitas
1033 2882 1130 2950 quaa

126 2969 206 3034 dam
223 2972 358 3056 oportet
380 2987 573 3033 sermonum
591 2970 693 3053 atque
711 2985 854 3048 morum,
869 2963 1129 3053 haudquaquam
1137 2983 1170 3033 ao

125 3071 294 3136 mediocre
308 3069 561 3138 condimentum
575 3067 751 3135 amicitiae.
797 3067 951 3133 Tristitia
964 3072 1080 3133 autem
1093 3072 1129 3133 et

125 3172 163 3236 in
177 3171 269 3236 omni
284 3191 320 3235 re
334 3170 494 3235 severitas
508 3169 611 3235 habet
626 3169 686 3234 illa
695 3169 831 3256 quidem
844 3168 1059 3256 gravitatem,
1070 3169 1130 3235 sed

126 3272 276 3337 amicitia
296 3270 466 3335 remissior
483 3291 554 3338 esse
571 3269 671 3340 debet
689 3277 724 3335 et
741 3270 879 3336 liberior
896 3275 930 3340 et
948 3270 1078 3341 dulcior
1094 3275 1129 3337 et

126 3374 170 3438 ad
184 3391 319 3436 omnem
333 3370 529 3436 comitatem
542 3370 807 3458 facilitatemque
821 3372 1011 3460 proclivior.

73 3442 116 3586 ¹627
169 3472 312 3538 Exsistit
330 3476 445 3536 autem
462 3472 528 3538 hoc
544 3473 618 3538 loco
633 3474 798 3559 quaedam
812 3475 966 3561 quaestio
983 3473 1173 3541 subdiffl-so

127 3577 208 3660 cilis,
221 3594 303 3639 num
317 3572 452 3660 quando
466 3575 566 3641 amici
579 3575 668 3658 novi,
681 3575 777 3663 digni
792 3576 949 3660 auricitia,
959 3575 1130 3643 veteribus

128 3682 196 3747 sint
213 3675 449 3765 anteponendi,
464 3680 504 3746 ut
522 3677 616 3752 cauis
632 3677 754 3744 vetulis
771 3683 906 3747 teneros
925 3683 1130 3752 anteponere
