2714 4216
510 303 594 360 cAP.
608 304 648 370 19,
662 305 703 360 20.
738 304 858 372 §li-76.
1147 307 1190 374 31

185 454 267 523 Non
284 458 397 522 censet
414 454 598 544 lugendam
619 475 691 521 esse
712 461 867 539 mortem,
883 476 985 545 quam
1005 457 1190 523 inmortali-

183 562 238 624 tas
264 562 495 646 consequatur.
540 558 616 624 Iam
642 578 757 625 sensus
782 559 953 625 moriendi*
973 559 1094 647 aliquis
1119 567 1237 627 essetl

183 665 307 747 potest,
318 661 413 748 isque
423 659 468 725 ad
478 660 639 748 exiguum
652 664 796 748 tempus,
808 663 1006 749 praesertim
1019 662 1099 746 seni,
1111 667 1189 751 post

183 767 330 829 mortem
351 761 488 850 quidem
509 782 624 828 sensus
645 767 706 828 aut
728 762 895 850 optandus
917 767 977 829 aut
996 763 1108 830 nullus
1127 769 1188 830 est.

110 920 113 924 r
157 865 251 932 uSed
268 864 334 930 hoc
354 864 558 930 meditatum
579 865 623 930 ab
644 864 874 931 adulescentia
890 865 990 931 debet
1010 886 1089 949 esse,
1103 865 1190 932 mor-

182 971 253 1033 tem
273 971 314 1033 ut
334 961 564 1055 neglegamus,
582 967 655 1034 sine
675 987 743 1055 qua
763 966 985 1035 meditatione
1006 968 1190 1055 tranquillo

182 1069 296 1136 animo
311 1090 382 1136 esse
399 1089 499 1135 nemo
517 1074 640 1156 potest.
684 1069 901 1135 Moriendum
918 1070 1009 1136 enim
1022 1074 1114 1136 certe
1127 1074 1188 1154 cst,

181 1176 216 1236 et
231 1172 398 1238 incertum
411 1192 457 1237 an
471 1171 536 1237 hoc
550 1171 624 1258 ipso
638 1172 703 1238 die.
749 1171 898 1238 Mortem
912 1172 1019 1261 igitur
1034 1173 1189 1241 omnibus

180 1272 272 1340 horis
282 1274 523 1362 inpendentem
532 1273 654 1341 timens
662 1274 720 1362 qui
728 1272 855 1361 poterit
864 1275 978 1340 animo
989 1275 1188 1342 consisteret

141 1393 171 1441 10
180 1375 235 1442 De
248 1396 315 1464 qua
331 1397 402 1442 non
418 1376 469 1442 ita
485 1375 589 1464 longa
605 1375 836 1462 disputatione
853 1396 938 1463 opus
955 1397 1026 1442 esse
1043 1377 1187 1462 videtur,
1200 1376 1265 1461 (7⁵)

180 1498 257 1543 oum
273 1478 429 1546 recorder
446 1499 516 1545 non
534 1478 570 1544 L.
583 1477 739 1563 Brutum,
755 1477 813 1566 qui
831 1478 867 1542 in
884 1478 1060 1545 liberanda
1076 1480 1189 1567 patria

180 1584 231 1646 est
248 1580 458 1663 interiectus,
473 1600 544 1646 non
565 1580 650 1645 duos
671 1579 804 1663 Decios,
821 1580 879 1667 qui
898 1580 942 1646 ad
959 1581 1188 1650 voluntariam
1198 1588 1234 1649 75

179 1685 327 1748 mortem
346 1702 481 1747 cursum
500 1701 663 1768 equorum
684 1681 921 1766 incitaverunt,
937 1703 1006 1748 non
1023 1677 1188 1750 M.'Atili·

179 1802 249 1866 um,
267 1783 325 1870 qui
347 1783 392 1849 ad
412 1783 615 1871 supplicium
636 1787 689 1849 est
710 1782 892 1869 proiectus,
910 1788 949 1849 ut
970 1784 1075 1850 fidem
1095 1785 1187 1853 hosti

140 1899 171 1946 15
181 1885 298 1951 datam
311 1890 535 1969 conservaret,
545 1906 615 1951 non
625 1885 709 1952 duos
725 1884 906 1973 Scipiones,
916 1885 974 1972 qui
987 1887 1053 1952 iter
1064 1886 1188 1954 Poenis

179 1986 236 2053 vel
260 1987 457 2075 corporibus
482 1987 550 2054 suis
579 1988 754 2054 obstruere
779 1986 968 2072 voluerunt,
991 2009 1061 2054 non
1085 2009 1188 2056 avum

179 2094 277 2157 tuum
295 2091 332 2157 L.
345 2090 500 2173 Paulum,
514 2090 572 2178 qui
588 2094 699 2156 morte
717 2089 781 2156 luit
800 2090 950 2178 collegae
967 2091 1003 2155 in
1019 2091 1187 2158 Cannensi

178 2193 367 2281 ignominia
380 2193 617 2277 temeritatem,
629 2214 700 2260 non
713 2193 761 2259 M.
774 2193 984 2277 Marcellum,
996 2193 1090 2260 cuius
1104 2194 1187 2262 inte

177 2297 283 2362 ritum
296 2317 340 2363 ne
354 2296 602 2363 crudelissimus
617 2296 754 2384 quidem
771 2296 879 2363 hostis
896 2296 1025 2363 honore
1041 2297 1186 2384 sepultu-

137 2413 170 2462 ao
178 2419 235 2465 rae
246 2419 358 2465 carere
371 2419 487 2485 passus
501 2405 561 2484 est,
574 2398 634 2466 sed
647 2399 798 2487 legiones
811 2403 953 2482 nostras,
963 2399 1055 2486 quod
1068 2399 1186 2488 scripsi

177 2507 214 2566 in
236 2501 443 2589 Originibus,
463 2500 501 2565 in
524 2521 601 2568 eum
626 2501 738 2567 locum
763 2522 862 2590 saepe
886 2501 1057 2588 profectas
1081 2501 1185 2567 alacri

177 2604 292 2670 animo
311 2608 346 2669 ot
363 2608 485 2686 ereot0,
500 2602 591 2670 unde
608 2624 644 2670 se
660 2604 827 2670 redituras
844 2623 1029 2690 numquam
1047 2603 1186 2671 arbitra·

176 2710 304 2772 rentur.
349 2705 449 2783 Quod
470 2704 577 2791 igitur
598 2705 837 2787 adulescentes,
856 2709 892 2771 et
913 2705 939 2769 ii
957 2706 1095 2792 quidem
1115 2725 1185 2771 non

177 2807 287 2874 solum
304 2807 442 2889 indocti,
454 2806 513 2872 sed
528 2806 633 2872 etiam
649 2807 776 2889 rustici,
792 2811 1023 2889 contemnunt,
1039 2807 1076 2871 id
1093 2807 1185 2872 docti
1237 2844 1240 2849 ·

136 2929 167 2979 ao
177 2929 272 2976 senes
287 2907 528 2974 extimescentl
566 2907 724 2990 Omnino,
736 2911 776 2974 ut
790 2907 875 2972 mihi
888 2906 1025 2994 quidem
1039 2907 1183 2991 videtur,
1194 2922 1230 2983 76

177 3011 368 3078 studiorum
396 3008 549 3075 omniurn
577 3009 717 3075 satietas
745 3009 838 3077 vitae
866 3009 950 3075 facit
979 3009 1182 3077 satietatem.

176 3114 264 3182 Sunt
279 3111 444 3201 pueritiae
458 3110 571 3177 studia
584 3115 696 3194 certa3
718 3132 801 3176 num
817 3111 924 3200 igitur
938 3132 978 3178 ea
993 3111 1183 3182 desiderant

175 3215 428 3284 adulescentest
457 3217 537 3280 sunt
562 3213 709 3280 ineuntis
738 3214 1005 3298 adulescentiae3
1033 3236 1117 3281 num
1141 3236 1183 3283 ea

174 3324 332 3385 constans
349 3319 419 3383 iam
432 3315 574 3405 requirit
589 3321 692 3400 aetas,
703 3337 790 3404 quae
806 3316 918 3383 media
935 3317 1080 3384 dieiturt
1102 3322 1181 3385 sunt

134 3438 166 3487 so
175 3422 278 3488 etiam
292 3421 363 3487 eius
377 3420 516 3502 aetatis3
537 3438 581 3485 ne
596 3440 637 3485 ea
650 3418 787 3508 quidem
801 3425 1008 3508 quaeruntur
1021 3420 1058 3485 in
1072 3441 1181 3488 senec

173 3529 266 3608 tute3
289 3527 368 3589 sunt
386 3526 539 3588 extrema
552 3521 718 3608 quaedam
735 3522 849 3588 studia
864 3522 1064 3606 senectutis3
1087 3544 1179 3612 ergo,

173 3631 212 3694 ut
234 3626 444 3716 superiorum
465 3627 618 3691 aetatum
638 3624 752 3692 studia
772 3623 939 3708 occidunt,
955 3625 1003 3693 sic
1022 3624 1180 3694 occidunt
