2684 4186
146 329 173 388 4
363 321 465 376 CATO
486 321 611 375 MAIOR
632 320 685 375 DE
708 320 937 382 sannorum

151 474 203 539 fui
225 472 367 561 querelis
389 458 580 562 aequalium
600 493 754 540 meorum
775 472 885 562 (pares
906 477 1021 540 autem
1039 477 1153 541 vetere

151 577 330 665 proverbio
350 598 427 643 cum
443 577 581 665 paribus
597 576 759 643 facillime
780 578 1052 666 congregantur),
1067 597 1154 664 quae

151 680 189 746 O.
212 679 390 762 Salinator,
414 699 500 767 quae
524 680 579 766 Sp.
599 678 754 762 Albinus,
776 678 931 745 homines
953 679 1152 763 consulares,

151 782 259 848 nostri
276 781 348 848 fere
365 782 530 870 aequales,
542 781 717 869 deplorare
730 781 894 866 solebant,
905 786 981 847 tum
994 782 1086 870 quod
1099 803 1155 849 vo

150 884 339 972 luptatibus
362 888 523 968 carerent,
542 883 614 950 sine
636 884 757 971 quibus
779 884 888 951 vitam
909 884 1039 950 nullam
1059 888 1178 972 putas

150 992 236 1071 rent,
252 992 327 1053 tum
349 986 441 1074 quod
464 990 701 1074 spernerentur
722 987 766 1052 ab
788 986 839 1070 iis,
857 1006 878 1052 a
899 987 1020 1074 quibus
1043 991 1154 1052 essent

151 1091 217 1156 coli
231 1090 331 1158 soliti.
366 1089 433 1169 Qui
447 1089 532 1154 mihi
543 1109 613 1154 non
627 1089 663 1153 id
673 1088 877 1155 videbantur
890 1110 1054 1173 accusare,
1063 1089 1155 1177 quod

151 1199 238 1259 esset
260 1191 494 1258 accusandum.
538 1190 632 1257 Nam
652 1191 681 1256 si
701 1190 739 1255 id
756 1191 855 1280 culpa
871 1191 1052 1257 senectutis
1073 1191 1155 1257 acci-

151 1296 255 1377 deret,
272 1295 389 1361 eadem
409 1293 495 1359 mihi
515 1313 579 1359 usu
600 1293 754 1359 venirent
775 1293 978 1381 reliquisque
998 1294 1154 1360 omnibus

150 1396 333 1462 maioribus
347 1400 430 1460 natu
431 1415 594 1482 ,quorum
609 1415 674 1482 ego
688 1394 874 1462 multorum
888 1396 1033 1483 cognovi
1047 1417 1155 1462 senec
1164 1415 1195 1463 10

149 1498 300 1564 tutem
275 1518 347 1563 sine
357 1497 500 1602 querela
504 1497 569 1600 qui
584 1517 620 1562 se
634 1502 669 1563 et
680 1496 861 1563 libidinum
869 1498 1012 1565 uinculis
1023 1498 1154 1565 laxatos

150 1620 315 1666 essenon
339 1565 460 1666 molest
462 1548 636 1666 11111111
661 1619 724 1665 111
752 1620 773 1666 1
801 1600 869 1666 suis
895 1601 1152 1688 despicerentur.

151 1703 218 1769 Sed
235 1702 387 1770 omnium
408 1703 505 1769 istius
527 1702 620 1770 modi
642 1702 885 1820 querelarum
875 1725 912 1768 1n
932 1704 1082 1770 moribus
1103 1708 1155 1770 est

150 1806 258 1894 culpa,
270 1827 339 1873 non
356 1806 393 1872 in
410 1811 531 1874 aetate.
575 1805 746 1872 Moderati
764 1806 855 1872 enim
872 1810 907 1873 et
924 1828 986 1874 neo
1003 1806 1154 1874 difficiles

150 1930 212 1976 neo
236 1909 412 1976 inhumani
440 1931 535 1976 senes
560 1909 773 1976 tolerabilem
797 1913 1004 1976 senectutem
1029 1907 1194 1999 aguntus

150 2013 378 2100 inportunitas
400 2017 514 2078 autem
536 2016 571 2078 et
592 2011 823 2078 inhumanitas
845 2013 939 2078 omni
960 2015 1065 2078 aetati
1086 2034 1155 2080 mo

150 2115 237 2180 lesta
250 2120 310 2181 est.

123 2231 142 2283 8
195 2216 349 2282 11111111.
372 2216 444 2299 Est,
462 2220 502 2280 ut
530 2215 623 2297 dicis,
642 2216 748 2299 Oat03
777 2214 833 2280 sed
858 2214 1002 2282 fortasse
1030 2217 1155 2284 dixerit

150 2318 318 2406 quispiam
341 2319 405 2383 tibi
427 2321 567 2405 propter
589 2337 670 2404 opes
696 2322 731 2383 et
755 2317 868 2404 copias
893 2321 929 2383 et
951 2318 1154 2405 dignitatem

151 2428 248 2487 tuam
264 2420 527 2487 tolerabiliorem
544 2422 753 2486 senectutem
768 2419 885 2503 uideri,
900 2420 937 2485 id
954 2426 1068 2488 autem
1085 2444 1154 2489 111
1164 2439 1197 2485 ao

151 2545 249 2612 posse
262 2524 378 2590 multis
394 2523 599 2611 contingere.

196 2628 296 2694 (1111.
320 2627 382 2693 Ε11
403 2625 495 2692 istud
517 2625 663 2714 quidem,
679 2625 781 2710 Laeli,
799 2624 937 2714 aliquid,
955 2628 1014 2694 sed
1034 2649 1155 2716 nequa

151 2751 255 2819 quam
268 2731 305 2796 in
319 2730 385 2796 isto
399 2733 479 2796 sunt
494 2728 616 2796 omnia.
657 2727 707 2796 Ut
722 2727 963 2798 Themistocles
977 2731 1088 2798 fertur
1102 2731 1156 2798 Se

151 2834 263 2922 riphio
281 2833 416 2900 cuidam
431 2833 469 2897 in
485 2832 597 2922 iurgio
613 2831 832 2919 respondisse,
847 2853 925 2899 cum
941 2834 1000 2901 ille
1017 2835 1156 2902 dixisset

152 2956 223 3001 non
233 2956 311 3000 eum
319 2956 388 3016 sua,
397 2934 456 3000 sed
464 2933 595 3020 patriae
603 2933 713 3022 gloria
721 2933 935 3022 splendorem
942 2936 1154 3003 adsecutum:
1165 2949 1196 2995 25

154 3037 257 3104 “Nec
278 3036 444 3118 hercule,”
463 3035 584 3123 inquit,
600 3036 658 3102 “si
679 3057 744 3124 ego
766 3036 939 3124 Seriphius
961 3059 1076 3121 essem,
1094 3059 1156 3104 neo

152 3144 191 3203 tu
221 3139 249 3204 si
278 3137 506 3218 Atheniensis,
529 3138 638 3203 clarus
666 3158 828 3225 umquam
855 3138 1006 3205 fuisses?
1057 3139 1156 3217 Quod

153 3240 272 3306 eodem
288 3239 391 3304 modo
408 3236 451 3302 de
473 3242 645 3302 senectute
662 3238 729 3303 dici
745 3244 867 3325 potest.
911 3239 948 3306 N
949 3261 986 3306 eo
1007 3242 1099 3307 enim
1119 3242 1157 3306 in

153 3362 284 3409 summa
305 3340 420 3427 inopia
440 3338 524 3404 levis
547 3358 618 3404 esse
639 3344 791 3406 senectus
811 3345 925 3428 potest
946 3362 989 3408 11
1012 3344 1156 3460 sapienti

153 3445 290 3561 quidem
318 3465 380 3509 nec
408 3440 581 3547 insipienti
609 3440 750 3506 etiam
741 3464 777 3507 11
805 3463 936 3510 summa
961 3446 1059 3534 copia
1087 3462 1197 3513 nonae

128 3548 276 3638 ogravis.
317 3545 509 3634 Aptissima
520 3522 658 3609 omnino
673 3549 752 3609 sunt
752 3545 884 3632 ,Scipio
899 3551 935 3612 et
950 3547 1052 3633 Laeli,
1062 3570 1157 3616 arma

154 3644 447 3719 1111111111111111
470 3646 792 3734 exercitationesque
815 3648 922 3716 virtut
907 3654 979 3716 tum
983 3673 1097 3739 ,quae
1119 3653 1156 3718 11
